3284 5750
250 507 293 574 72
698 521 883 570 uunuousco
913 520 1084 576 ruuaancn

338 704 385 768 Te
408 700 552 787 patiente
576 700 683 785 pedes,
708 700 926 786 precibusque
950 698 1121 766 inflectere
1145 700 1248 779 iustis,

249 809 315 876 595
339 809 367 874 Ο
391 827 614 893 superumque
638 808 872 892 hominumque
894 814 995 888 sator,
1022 826 1202 893 rerumque
1227 815 1362 874 creator

339 915 479 1001 Optime,
505 934 604 999 parce
628 913 702 996 tuis,
727 914 780 979 fer
804 934 900 999 opem
924 922 956 998 ct
980 915 1154 980 moderare
1178 915 1321 981 labores.

338 1024 469 1099 Quanta
494 1041 552 1106 per
576 1020 773 1106 Hesperium
798 1020 920 1105 rapidis
944 1021 1140 1107 urgentibus
1164 1021 1297 1087 Austris

338 1129 486 1194 Flamma
511 1126 606 1208 latus,
631 1127 806 1211 nimboque
828 1146 951 1193 nocens
976 1128 1121 1194 undante
1149 1128 1294 1213 procella

339 1232 513 1311 Saevierit,
538 1231 660 1298 mundo
683 1238 798 1298 notum
821 1238 872 1298 est
894 1239 926 1297 et
949 1232 1058 1298 notius
1082 1233 1191 1300 astris.

124 1356 127 1363 '
248 1341 315 1407 600
338 1342 406 1407 Nec
430 1339 508 1404 mihi
532 1339 618 1424 quod
643 1337 787 1404 miserae
811 1338 972 1404 insultans
995 1359 1083 1404 nunc
1109 1340 1165 1406 illa
1190 1341 1310 1426 vinage

337 1447 465 1528 obiicit,
489 1444 633 1511 infitior:
659 1446 836 1511 candentes
859 1446 985 1511 ossibus
1010 1467 1109 1532 agros

338 1553 462 1636 ltaliae,
487 1552 651 1637 terrisque
675 1553 793 1618 ducum
819 1552 966 1637 dispersa
990 1553 1153 1639 sepulcra,

337 1663 379 1728 Et
403 1660 555 1746 quicquid
579 1659 690 1726 miseri
716 1679 889 1726 armorum
911 1661 979 1726 fert
1002 1660 1142 1746 impetus
1165 1660 1249 1744 orbi,

339 1767 495 1847 Sustinui,
521 1767 675 1853 solioque,
701 1773 806 1853 pater,
830 1773 865 1833 tu
891 1789 1018 1853 passus,
1029 1768 1070 1833 ab
1094 1768 1160 1834 alto
1184 1789 1230 1834 es.
1350 1855 1354 1863 Ι

252 1877 318 1942 605
342 1876 489 1941 Crimina
512 1875 559 1940 sic
581 1874 743 1941 meruisse
767 1895 847 1940 reor
871 1895 954 1941 mea.
976 1874 1116 1960 Respice
1140 1876 1272 1941 tandem

339 1982 450 2048 Mitius
473 1981 629 2048 afflictos:
654 1989 687 2048 et
710 1982 736 2046 si
760 2001 835 2048 mea
859 1982 998 2048 crimina
1022 1983 1166 2048 nondum

340 2091 423 2156 Sunt
447 2095 585 2175 purgata
609 2088 697 2166 satis,
721 2095 778 2154 tua
801 2088 940 2154 fulmine
964 2089 1083 2154 dextra
1106 2110 1245 2156 corusco

339 2198 410 2263 Hoc
432 2203 531 2282 caput
553 2196 696 2262 invisum
720 2202 753 2262 et
776 2187 934 2282 Tarpeias
958 2197 1118 2263 verberet
1140 2217 1258 2274 arces;

339 2303 559 2393 Hannibalem
581 2308 722 2369 avertat.
746 2305 881 2387 lamque
904 2303 1066 2369 avertisse
1089 2303 1222 2382 videris,

252 2413 318 2478 610
341 2413 383 2478 Et
406 2417 518 2499 grates
541 2419 656 2478 actura
679 2411 736 2477 tibi
760 2431 820 2497 pro
844 2431 985 2478 munere
1007 2417 1100 2478 tanto

337 2518 497 2585 Advenio.
522 2517 638 2600 Timui,
663 2519 781 2599 fateor,
805 2517 976 2603 furiasque
997 2518 1151 2603 dolosque

337 2625 465 2691 infandi
488 2624 579 2691 ducis
602 2633 634 2690 et
659 2625 792 2710 laqueos
816 2624 1033 2710 simulataque
1061 2625 1157 2690 bella.

336 2731 395 2797 llle
419 2731 551 2809 etenim,
576 2753 635 2797 sua
659 2751 758 2816 quem
780 2730 926 2817 genitrix
950 2731 1042 2797 caelo
1065 2737 1162 2798 tenus
1186 2728 1285 2798 effert

335 2839 444 2925 Atque
468 2839 544 2926 ipsis
568 2838 683 2905 insana
707 2837 776 2905 deis
799 2844 847 2905 tot
871 2837 1021 2904 laudibus
1052 2844 1171 2923 aequat

108 2923 117 3036 ζ’
246 2945 312 3012 615
335 2947 520 3012 Fraudibus
543 2946 732 3031 insidiisque
755 2945 860 3032 magis
884 2944 1052 3012 confidere
1075 2945 1109 3011 in
1132 2945 1244 3023 armis,

337 3054 445 3129 Quam
469 3053 592 3118 virtute
616 3052 708 3117 solet.
732 3052 870 3117 Possem
893 3051 950 3117 tibi
975 3052 1077 3122 multa
1102 3070 1252 3117 meorum

337 3161 471 3225 Funera
495 3165 693 3225 natorum...
717 3157 817 3224 Dolor
842 3159 984 3243 impedit.
1010 3158 1131 3225 Ultima
1158 3165 1251 3225 certe

335 3265 480 3331 Saevitia
503 3272 553 3331 est
575 3284 805 3349 summumque
829 3265 933 3347 nefas,
956 3264 1074 3350 quibus
1098 3265 1153 3331 illa
1178 3266 1328 3351 superbit

336 3371 390 3438 Sic
412 3372 495 3438 tales
518 3372 673 3438 cecidisse
697 3370 817 3437 duces!
843 3371 906 3438 Sed
930 3379 1058 3457 tempus
1083 3378 1218 3457 apertae

234 3479 312 3546 '620
335 3479 431 3545 Nunc
453 3478 585 3546 virtutis
609 3480 721 3556 adest3
747 3478 901 3545 invenem
924 3478 985 3543 nisi
1009 3479 1078 3547 fata
1105 3480 1281 3562 virentem,

336 3588 443 3663 Quem
466 3607 608 3672 puerum
630 3592 728 3652 vocat
752 3585 830 3671 ipsa,
855 3586 935 3652 odiis
959 3586 1135 3652 immitibus
1160 3592 1292 3672 urgent.

336 3694 429 3769 Quod
453 3699 498 3772 tu,
524 3714 650 3760 summe
674 3712 804 3778 parens,
830 3693 991 3781 prohibe3
1014 3700 1047 3759 et
1070 3692 1224 3778 permitte
1248 3693 1379 3779 parenti

336 3802 371 3867 ld
395 3801 491 3867 modo
515 3802 684 3879 sollicitae,
710 3808 817 3867 cesset
840 3802 943 3884 frans,
967 3822 1060 3867 arma
1085 3802 1238 3867 ferantur

334 3909 423 3973 Iusta
446 3908 527 3985 acie,
552 3908 649 3973 liceat
673 3907 768 3992 plano
794 3905 975 3994 confligere
998 3927 1124 3994 campo.

245 4012 311 4079 625
334 4013 401 4080 Vel
424 4013 491 4079 nati
515 4034 569 4080 me
592 4013 675 4079 fallit
698 4033 802 4092 amor,
828 4013 881 4079 vel
906 4013 990 4079 mira
1015 4013 1140 4081 videbis

334 4120 466 4187 Proelia
492 4129 526 4188 et
548 4121 687 4187 infames
712 4120 887 4206 aequantia
911 4122 1054 4188 vulnera
1078 4122 1220 4192 Cannas.

333 4227 467 4293 Divinos
490 4228 568 4295 novi
590 4229 659 4314 ipsa
683 4229 808 4294 animos
832 4228 1044 4314 humanaque
1067 4230 1183 4302 subter

335 4334 453 4402 Omnia
475 4341 672 4412 cernentes;
696 4355 762 4400 non
785 4335 870 4420 quod
894 4334 973 4400 mihi
997 4336 1108 4401 fabula
1132 4336 1246 4402 mundi

331 4442 538 4508 Persuadeat
560 4448 674 4508 natum
697 4461 769 4507 esse
793 4442 907 4519 Deum,
932 4441 1007 4507 licet
1027 4442 1177 4529 improba
1199 4443 1299 4508 faudo

108 4531 117 4540 '⁵
245 4547 312 4615 630
335 4547 467 4615 Excitet
490 4548 656 4614 invidiam.
681 4547 798 4613 Divino
821 4552 927 4614 tentet
949 4548 1076 4615 honore
