3284 5750
605 887 648 943 uu
672 888 745 944 omo
769 887 1015 945 rsurcrcsoauu
1254 958 1258 965 ยน
1339 872 1403 946 117

207 1069 361 1160 pendant,
380 1074 575 1160 quicumque
591 1074 746 1141 instinctu
762 1059 915 1156 libidinis,
929 1075 1124 1160 praesertim
1140 1076 1180 1141 ad
1199 1076 1402 1162 peccandum

206 1180 361 1259 veniunt,
386 1187 436 1262 ut,
462 1181 519 1246 ubi
542 1201 680 1247 carnem
702 1201 798 1246 acres
826 1181 945 1246 stimuli
970 1187 1168 1267 perurgent,
1192 1183 1256 1248 hcc
1287 1181 1402 1248 saltem

206 1289 303 1355 freno
326 1309 400 1356 sese
423 1308 517 1355 mens
540 1287 674 1355 incitata
692 1289 852 1354 cohibeat.
869 1289 942 1354 Nun
959 1275 1110 1374 equidem
1126 1288 1264 1368 inficior,
1285 1310 1404 1377 corpus

206 1397 246 1462 ab
270 1395 491 1462 adolescentia
524 1395 732 1473 indomitum,
757 1402 928 1481 postquam
962 1396 996 1460 in
1021 1395 1150 1462 licentia
1183 1403 1216 1462 et
1246 1396 1400 1464 libertate

153 1501 169 1566 5
206 1501 377 1580 coaluerit,
402 1502 489 1569 haud
513 1502 609 1568 facile
632 1502 770 1584 frenari,
788 1523 863 1568 cum
886 1502 928 1569 sit
950 1503 1118 1588 scriptum,
1135 1502 1221 1588 quod
1244 1504 1300 1588 qui
1323 1504 1403 1569 deli-

207 1617 280 1676 cate
303 1616 338 1676 et
360 1630 380 1676 a
404 1609 543 1696 pueritia
578 1610 683 1676 nutrit
717 1630 851 1675 servum
886 1631 999 1691 suum,
1024 1617 1136 1696 postea
1164 1610 1258 1675 illum
1280 1611 1399 1678 sentiet

206 1722 443 1783 contumacem.
469 1717 592 1783 Servus
616 1716 745 1802 quidem
769 1715 835 1782 imc
859 1736 940 1782 veru
970 1717 1091 1782 asellus
1115 1717 1168 1782 hic
1198 1724 1310 1782 noster
1342 1739 1404 1782 nu-

206 1825 303 1891 tritus
325 1825 359 1890 in
377 1823 504 1911 pascuis
528 1824 732 1910 voluptatum
755 1823 850 1890 laetis
870 1831 902 1889 et
924 1823 1074 1889 mollibus
1091 1824 1177 1890 inter
1193 1821 1327 1889 flumina
1343 1823 1398 1890 illa

212 1931 250 1997 de
273 1931 389 2017 quibus
406 1932 555 2012 diximus
574 1938 721 1997 assuetas
737 1951 797 2016 per
813 1931 928 2016 planas
944 1937 977 1996 et
993 1931 1076 1996 latas
1092 1930 1215 1996 saeculi
1233 1930 1312 2014 vias,
1330 1930 1402 2016 quis

148 2035 178 2101 10
213 2037 348 2125 impiger
383 2038 529 2104 evaserit
562 2038 602 2103 ad
627 2036 870 2103 ascendendum
905 2043 1049 2103 montem
1071 2036 1105 2101 in
1129 2036 1217 2119 Sion,
1241 2038 1334 2104 cuius
1366 2038 1402 2103 iu

213 2146 367 2212 verticem
391 2145 516 2212 arduus
540 2152 573 2212 et
596 2152 757 2231 angustus
780 2152 814 2210 et
837 2164 995 2236 scrupeus
1011 2150 1132 2210 trames
1148 2143 1223 2211 fert.
