3284 5750
255 519 320 593 lar
699 537 885 593 3111333333
921 534 1092 593 13331331

319 723 360 789 R.
384 759 427 773 -
451 721 626 788 Rationem
650 722 734 788 duro
757 724 818 788 sub
842 722 951 789 iudice
966 722 1169 806 redditurus,
1186 722 1249 789 nisi
1266 721 1403 790 omnium
1415 717 1484 809 spoils

386 834 509 914 tuoque
532 829 605 895 odio
628 838 662 896 et
685 829 825 896 crimine
848 830 905 895 rin
929 830 1138 917 implendam.

320 937 358 1003 G.
383 973 425 1016 ,-
449 937 552 1023 Regis
576 937 708 1023 negotia
731 957 886 1023 procuro.
1435 996 1442 1008 .

319 1045 359 1111 R.
385 1080 427 1094 —
450 1043 538 1110 Vide
561 1064 604 1110 ne
626 1065 702 1111 cum
724 1045 915 1132 procuratio
939 1044 1008 1131 ipsa
1021 1044 1169 1124 difficilis,
1187 1052 1299 1112 tamen
1316 1045 1492 1113 difficiliorsit
1543 1126 1547 1133 ,

253 1152 275 1217 5
386 1151 482 1230 ratio,
499 1158 631 1237 tamque
654 1152 900 1234 inextricabilis,
918 1158 964 1234 ut,
980 1152 1067 1238 quod
1083 1154 1124 1220 de
1141 1153 1250 1220 multis
1267 1154 1412 1236 vidimus,
1427 1151 1494 1240 patri-

387 1258 543 1338 monium,
560 1259 683 1325 famam
705 1267 862 1345 tuumque
885 1265 983 1346 caput
1005 1259 1159 1347 implicet.

320 1366 358 1433 G.
382 1403 426 1416 -
449 1366 575 1451 Regius
598 1374 796 1453 procurator
812 1388 894 1432 sum.

320 1475 360 1540 R.
384 1511 428 1524 -
451 1473 695 1560 Displicendum
718 1474 839 1557 multis,
861 1474 901 1541 ad
918 1482 1108 1542 extremum
1123 1475 1264 1559 domino,
1282 1478 1429 1562 quodque
1441 1473 1523 1562 peri-7

386 1580 528 1648 culosius
555 1583 631 1659 Deo,
667 1602 793 1668 proquo
826 1582 891 1648 levi
923 1584 1011 1669 regis
1042 1584 1275 1666 emolumento,
1301 1585 1415 1670 gravia
1435 1580 1503 1667 regni

116 1734 129 1787 .'
164 1704 174 1723 ⁴
254 1688 296 1754 10
388 1689 474 1754 111313
504 1694 538 1756 31
566 1689 714 1774 ingentia
748 1690 869 1756 damna
899 1690 1095 1776 populorum
1131 1691 1184 1758 vel
1216 1681 1443 1757 dissimulanda
1465 1687 1503 1754 rel

388 1796 620 1882 perpetranda.

320 1906 359 1971 G.
383 1940 428 1955 -
450 1904 656 1970 Procurator
678 1903 768 1989 regis
791 1905 898 1971 factus
922 1926 1004 1970 sum.
1541 1984 1546 2005 1

323 2011 363 2076 R.
387 2047 431 2062 -
455 2012 527 2087 Quo
550 2010 693 2097 primum
717 2011 769 2078 die
792 2011 936 2078 invisum
951 2014 1014 2079 hoc
1037 2011 1180 2080 officium
1203 2013 1320 2079 domus
1343 2020 1419 2082 1333
1434 2013 1507 2078 11331
1545 2050 1546 2055 1

388 2116 505 2204 attigit,
535 2117 594 2184 tibi
618 2118 734 2185 vivere
766 2118 898 2202 desiisti,
923 2118 1060 2186 libertas
1082 2119 1158 2186 inde
1182 2126 1215 2187 31
1237 2121 1332 2206 quies
1367 2121 1507 2187 3113333-
1542 2142 1546 2197 g

257 2223 299 2289 15
389 2224 472 2291 ditas
499 2224 623 2305 abiere,
653 2245 714 2313 pro
748 2225 798 2292 his
835 2227 1030 2310 servitutes,
1061 2227 1172 2307 labor,
1204 2227 1390 2314 occupatio,
1418 2233 1507 2301 motus,
1543 2304 1546 2315 1

387 2332 491 2416 dolor,
515 2331 646 2401 afflictio
670 2340 703 2400 31
726 2335 898 2401 mordaces
921 2335 1093 2401 subierunt
1116 2354 1229 2401 curae.
1255 2337 1325 2400 Iam
1352 2355 1418 2401 non
1438 2332 1507 2412 vivis,

388 2439 449 2506 etsi
469 2438 586 2525 spires,
611 2446 847 2526 occupatorum
881 2440 970 2507 enim
992 2441 1061 2508 vita
1094 2459 1194 2519 mors,
1226 2441 1282 2527 qui
1317 2463 1394 2509 cum
1420 2437 1506 2506 miseri

386 2565 500 2613 omnes
523 2546 597 2626 sint,
622 2546 667 2612 illi
691 2552 768 2614 sunt
790 2546 938 2614 omnium
960 2547 1149 2627 miserrimi,
1173 2548 1228 2633 qni
1249 2568 1311 2635 pro
1331 2549 1412 2626 aliis,
1429 2544 1507 2612 maxi-

383 2672 500 2740 meque
522 2674 583 2741 pro
606 2654 742 2739 regibus
771 2661 828 2722 aut
861 2656 1029 2741 tyrannis,
1053 2676 1112 2721 seu
1135 2655 1396 2742 quibuscumque
1418 2661 1506 2741 poten·

252 2761 296 2829 20
386 2761 471 2829 tibus
495 2768 709 2849 occupantur.

321 2869 358 2937 G.
383 2908 427 2921 -
450 2871 495 2937 At
517 2892 591 2937 snm
621 2869 731 2938 iudeis.

321 2978 361 3044 R.
386 3016 430 3029 -
453 2978 507 3045 Sic
522 2978 640 3058 iudica,
657 2977 751 3064 quasi
765 2997 844 3045 mox
859 2979 901 3044 ab
916 2978 980 3044 alio
996 2978 1197 3046 iudicandus.
1211 2978 1304 3045 Unus
1319 2985 1371 3047 331
1387 2977 1505 3046 3313133

385 3086 496 3169 iudex,
520 3106 624 3153 unum
646 3086 813 3164 tribunal;
838 3092 915 3153 ante
937 3087 1017 3153 illud
1034 3087 1158 3154 stabitis
1175 3088 1347 3154 mortales:
1364 3088 1438 3174 quid
1452 3080 1504 3151 falsi

385 3193 476 3260 corio
499 3193 614 3261 iudicis
637 3194 739 3261 sellae
762 3194 956 3261 iudiciariae
979 3194 1140 3281 impresso
1162 3201 1196 3262 et
1218 3195 1396 3262 barbarica
1418 3194 1505 3261 admo
1543 3211 1546 3254 1

386 3300 510 3367 3111333
533 3299 675 3368 iustitiae
697 3320 779 3388 opus
795 3300 871 3368 3311
895 3302 944 3368 Ea
959 3301 994 3367 in
1010 3301 1091 3368 sella
1106 3301 1251 3387 quisquis
1269 3301 1414 3369 iudicum
1428 3299 1506 3370 33131

387 3408 442 3473 ubi
466 3407 493 3473 si
515 3407 636 3475 iniuste
658 3408 867 3492 iudicabitur,
891 3429 954 3476 nec
976 3410 1131 3495 pecunia,
1155 3429 1217 3476 nec
1237 3408 1358 3496 gratia,
1383 3429 1443 3475 nec
1456 3397 1508 3472 falsi

389 3521 495 3594 133133,
520 3535 582 3582 333
610 3515 764 3602 indignae
793 3534 920 3603 preces,
945 3534 1007 3583 nec
1035 3516 1152 3583 inanes
1183 3515 1304 3599 minae,
1328 3536 1392 3584 nec
1419 3505 1510 3581 diserti

386 3622 569 3709 proderunt
588 3622 729 3709 patroni.

319 3728 357 3794 G.
382 3766 424 3780 -
449 3728 569 3796 Consul
593 3729 720 3816 patriae
747 3747 841 3795 meae
869 3749 952 3795 sum.

251 3834 295 3901 30
318 3835 358 3901 R.
382 3873 426 3886 -
448 3833 643 3902 Difficillima
666 3834 783 3922 gloria.
807 3836 937 3902 Rarum
971 3841 1021 3902 est
1055 3833 1186 3920 quidem
1220 3834 1267 3901 sic
1297 3833 1515 3902 consulerent

386 3941 491 4029 prosis
515 3950 548 4009 et
571 3943 711 4030 placeas.
736 3942 779 4009 Ut
801 3942 843 4009 sit
866 3942 955 4009 enim
984 3942 1018 4007 in
1045 3943 1151 4009 verbo
1174 3942 1315 4032 veritas,
1340 3942 1374 4007 in
1396 3937 1516 4009 consilio

385 4048 475 4129 fides,
499 4050 534 4116 in
556 4050 729 4118 commisso
760 4049 943 4129 silentium,
968 4049 1003 4116 in
1025 4051 1173 4117 oratione
1197 4049 1354 4132 suavitas,
1378 4055 1520 4117 eventum

386 4158 521 4225 fortuna
544 4157 781 4241 moderabitur,
805 4156 833 4223 is
857 4157 991 4225 consilio
1014 4157 1159 4243 pretium
1182 4157 1281 4224 dabit.

319 4264 357 4332 G.
381 4265 643 4332 -Praefectus
669 4265 762 4334 urbis
785 4286 868 4331 sum.

110 4393 144 4430 :-
180 4419 183 4423 <
252 4370 296 4438 35
320 4369 359 4439 R.
383 4410 427 4424 -
450 4372 601 4439 Belluam
623 4372 824 4456 indomitam,
841 4378 943 4458 utque
971 4371 1016 4438 311
1038 4370 1198 4438 Flaccus:
1223 4368 1329 4457 capita
1353 4370 1524 4437 multorum

384 4481 475 4547 13331
499 4481 612 4547 frenas
635 4480 708 4548 loro
739 4486 838 4566 atque
866 4480 1061 4547 immensam
1091 4478 1180 4546 solus
1209 4477 1379 4565 agitatam,
1404 4476 1525 4565 magnis

384 4585 537 4659 fluctibus
560 4587 693 4677 puppim
716 4586 814 4676 regis.
839 4589 952 4654 Parva
967 4587 1083 4654 domus
1098 4606 1202 4672 aegre
1217 4585 1365 4673 regitur:
1390 4602 1526 4674 magnae

1491 4939 1546 4978 idn·
