3284 5750
474 698 516 755 bn
532 698 690 756 bannens
711 698 901 763 urntbseun
924 697 1087 757 scarbum
1357 681 1421 759 135

269 886 430 970 conficiat,
454 894 509 954 tuo
532 888 597 953 iam
619 894 747 954 tantum
778 887 924 973 periculo
954 888 1112 971 securior,
1137 888 1241 972 vives,
1265 900 1332 955 nen¹
1356 877 1446 957 'erit'

268 1014 366 1078 quem
389 1015 540 1061 rumores
568 995 609 1060 de
638 1001 672 1060 te
705 994 908 1081 impugnent,
933 1015 1029 1080 quem
1059 1002 1116 1062 tua
1140 996 1273 1081 frangat
1296 997 1417 1063 adver·
1545 1049 1548 1054 .

268 1100 358 1180 sitas,
382 1121 480 1187 quem
504 1108 558 1189 tua
581 1101 729 1168 debilitet
752 1101 934 1188 aegritudo,
959 1122 1057 1187 quem
1082 1108 1134 1169 tua
1156 1123 1246 1169 mers
1270 1104 1418 1189 perimat.

199 1208 238 1272 D.
264 1242 305 1257 -
329 1208 467 1274 Patrem
490 1208 749 1274 amantissimum
777 1208 881 1274 amisi.

147 1312 173 1377 5
201 1314 242 1379 R.
268 1352 308 1364 -
334 1315 471 1400 Incipias
507 1316 547 1381 de
582 1315 654 1381 aliis
689 1336 820 1396 curare,
842 1316 897 1400 qui
921 1318 960 1382 de
983 1324 1016 1383 te
1047 1323 1150 1398 curet,
1185 1316 1322 1403 amplius
1352 1337 1419 1384 non

269 1421 357 1487 erit:
383 1422 537 1508 pietatem
560 1423 602 1488 ab
626 1423 731 1489 altere
756 1423 811 1488 tibi
836 1424 1017 1490 exhibitam
1040 1424 1314 1510 rependealteri,
1337 1445 1419 1492 raro
1538 1477 1541 1482 .

267 1528 314 1593 illi
338 1530 531 1616 rependitur
555 1530 606 1595 cui
629 1530 777 1596 debetur.

199 1635 237 1699 D.
263 1672 304 1685 -
329 1635 423 1701 Pium
447 1643 586 1722 patrem,
611 1635 721 1715 miser,
744 1635 880 1721 perdidi.

201 1742 242 1807 R.
267 1779 308 1791 ··-
334 1742 368 1808 Si
392 1742 520 1828 pietatis
537 1742 623 1808 ratio
639 1742 697 1808 tibi
720 1749 858 1821 constat,
879 1742 989 1809 solare
1013 1742 1182 1809 fortunam
1198 1750 1289 1809 tuam
1306 1763 1418 1810 recor·
1475 1806 1478 1812 .
1544 1813 1550 1830 ,

131 1848 179 1913 10
272 1848 402 1916 datione
425 1849 597 1935 praeteriti
621 1850 787 1935 temporis,
812 1849 938 1915 coluisti
961 1855 1133 1935 parentem
1157 1856 1198 1929 et,
1217 1851 1292 1915 dum
1314 1850 1416 1933 licuit,

268 1956 321 2042 pia
344 1976 474 2042 semper
498 1957 532 2021 in
565 1957 658 2023 illum
694 1956 799 2024 officia
834 1957 1047 2043 congessisti:
1080 1964 1175 2043 pater
1199 1957 1288 2040 obiit,
1312 1958 1414 2043 pietas
1545 1973 1549 1986 ²

267 2063 359 2145 vivit,
383 2062 525 2149 alioquin
549 2069 608 2140 est,
632 2064 751 2145 fateor,
775 2064 861 2130 unde
885 2071 1042 2150 perpetuo
1066 2072 1208 2131 maestus
1233 2066 1285 2131 sis.

201 2170 239 2236 D.
265 2209 304 2221 -
330 2172 432 2237 Pater
455 2192 507 2236 me
530 2167 677 2237 moriens
704 2171 859 2238 destituit.

201 2279 242 2345 R.
269 2316 308 2329 —
334 2279 400 2343 Fer
423 2285 563 2346 naturae
594 2279 752 2358 ordinem,
777 2279 858 2345 exiit
886 2279 938 2365 qui
963 2278 1054 2365 prior
1078 2280 1273 2364 intraverat,
1297 2301 1360 2348 nec
1383 2286 1416 2348 te

131 2385 179 2452 15
239 2446 241 2451 .
270 2385 325 2452 ille
348 2386 501 2470 destituit,
521 2386 577 2452 sed
600 2387 789 2473 praecessit.

198 2493 236 2558 D.
263 2532 302 2545 -
328 2494 431 2560 Amisi
455 2501 594 2582 patrem.

197 2602 239 2668 R.
266 2639 305 2653 -
331 2602 444 2669 Nescis
467 2602 542 2688 quid
566 2602 607 2670 sit
630 2608 759 2689 patrem
782 2603 944 2687 amittere,
969 2602 1031 2670 nisi
1054 2599 1156 2670 filium
1179 2603 1332 2671 habuisti.

513 2843 566 2914 De
586 2853 730 2914 amissa
747 2856 873 2916 matre
892 2855 1026 2927 (XLVII).

194 3030 309 3102 Deuca
338 3075 376 3089 -
401 3036 545 3104 Matrem
569 3035 704 3123 perdidi.

195 3140 304 3208 Rarm
336 3182 374 3193 -
399 3143 516 3210 Altera
540 3145 597 3211 tibi
629 3151 778 3232 superest
812 3148 929 3226 mater,
954 3160 1052 3231 quam
1075 3162 1141 3210 ncn
1165 3139 1293 3230 perdes,
1319 3149 1362 3226 et,
1386 3137 1414 3210 si

93 3246 172 3316 -20
263 3249 356 3332 velis,
380 3251 501 3316 exilia
536 3251 682 3330 veniens,
710 3251 744 3317 in
775 3253 861 3317 hanc
895 3251 1028 3337 pergis;
1053 3250 1108 3315 illa
1142 3250 1201 3317 tibi
1233 3271 1413 3337 paucerum

264 3355 425 3421 mensium
449 3356 579 3422 demum
602 3357 699 3436 dedit,
723 3357 806 3424 haec
829 3356 1007 3423 multorum
1037 3356 1124 3422 dabit
1152 3376 1333 3434 annorum3
1357 3356 1413 3423 iila
1508 3383 1511 3387 ·

264 3461 351 3529 dedit
374 3483 505 3550 corpus,
528 3465 611 3532 haec
634 3465 752 3532 aufert.

193 3569 232 3635 D.
260 3607 298 3622 —
322 3570 430 3638 Mater
453 3572 532 3641 cbiit
559 3573 741 3640 mitissima.

193 3675 236 3742 R.
262 3714 302 3729 -
326 3676 435 3745 Mater
470 3679 615 3746 subsistit
650 3679 837 3762 durissima,
873 3700 956 3765 quae
985 3685 1018 3746 16
1053 3686 1087 3746 61
1121 3685 1276 3761 matrem,
1312 3699 1410 3764 quam

128 3781 174 3849 25
265 3784 419 3870 requiris,
444 3785 476 3852 in
502 3807 568 3853 unc
591 3788 717 3873 gremio
745 3786 902 3870 servabit,
927 3787 1018 3853 cuius
1040 3786 1075 3851 in
1097 3791 1193 3852 utero
1216 3792 1325 3852 tecum
1349 3784 1413 3852 erit

262 3896 296 3958 te
319 3898 351 3957 et
373 3892 475 3977 illam,
498 3900 533 3962 ut
556 3896 730 3974 credimus,
756 3895 806 3962 die
830 3895 943 3961 ultime
966 3895 1128 3980 paritura.

192 3995 231 4063 D.
258 4034 296 4051 ·-
322 3998 383 4066 Pia
406 4021 460 4067 me
483 4001 626 4068 deseruit
648 4008 766 4068 mater.

192 4104 235 4170 R.
259 4140 303 4156 -
324 4105 439 4174 Deseri
463 4113 609 4174 metuens
645 4108 820 4191 festinavit,
845 4114 1042 4195 gratamque
1076 4107 1123 4173 illi
1152 4126 1244 4173 suam
1267 4111 1410 4174 mortem

261 4211 361 4280 fuisse
396 4215 551 4280 credibile
585 4222 644 4296 est,
680 4223 772 4283 tuam
795 4236 861 4282 non
885 4215 998 4282 visura
1022 4216 1171 4301 amplius,
1201 4220 1300 4300 atque
1324 4214 1411 4280 unde

124 4319 169 4384 30
261 4319 405 4387 maxime
427 4323 604 4405 metuebat,
628 4323 804 4389 securitate
828 4329 934 4409 parta.

192 4424 230 4490 D.
255 4463 297 4478 -
321 4427 480 4496 Defuncta
504 4434 555 4496 est
576 4436 683 4496 mater
706 4430 849 4516 optima.-

192 4533 234 4599 R.
260 4570 301 4585 -
323 4533 478 4603 Feliciter
501 4536 584 4603 haec
614 4537 769 4620 excessit,
793 4543 826 4604 te
848 4537 1040 4624 superstite,
1065 4557 1128 4622 quo
1151 4534 1348 4623 praemisso,
1373 4540 1410 4602 ut
1541 4520 1544 4525 ⁵

259 4639 391 4708 feminei
415 4648 491 4711 sunt
518 4641 664 4724 affectus,
687 4643 841 4711 flebiliter
869 4644 1011 4712 abiisset.

191 4744 229 4816 D.
254 4785 296 4800 -
320 4746 409 4816 Obiit
436 4755 553 4818 mater.
