3284 5750
689 523 879 581 lanuonsco
903 521 1075 579 rnrnaiecl

330 709 364 773 in
388 710 555 774 Romanos
584 729 665 794 gens
694 710 914 794 irrumperet,
938 708 1190 794 profectumque
1222 707 1357 774 obviam
1386 709 1522 774 Brutum

331 815 446 892 armis,
472 814 558 880 filius
583 816 687 899 regiS,
713 816 941 881 consularibus
965 815 1150 901 fulgentem
1185 815 1370 901 insignibus
1394 834 1523 899 conspe

330 921 441 1004 nisset,
467 923 632 988 acerrimo
656 923 769 988 dolore
794 923 960 1013 praerepti
984 922 1079 1007 regni
1104 922 1264 987 memoria
1285 922 1416 987 excitus
1432 906 1524 1006 atque

330 1029 498 1114 impulsus,
523 1050 608 1114 equo
632 1030 816 1096 calcaribus
848 1030 973 1112 adacto,
999 1029 1068 1095 ruit
1091 1029 1125 1093 in
1148 1030 1329 1094 consulem.
1355 1028 1452 1104 Quod
1475 1029 1525 1093 ille

263 1135 285 1199 5
330 1135 522 1212 advertam,
547 1155 613 1201 nen
637 1136 757 1201 minori
793 1135 960 1202 animuin
984 1136 1112 1203 hostem
1135 1134 1261 1217 fertur,
1285 1141 1448 1220 tantoque
1471 1136 1527 1199 im-

331 1248 418 1327 petu,
435 1248 469 1309 et
493 1247 559 1307 tam
582 1242 672 1307 nulla
696 1242 745 1307 sui
769 1241 870 1328 ipsius
886 1242 1092 1328 protegendi,
1109 1242 1167 1308 sed
1182 1242 1252 1307 sola
1269 1241 1372 1308 hostis
1388 1242 1528 1307 feriendi

330 1348 529 1436 cogitatione
563 1369 762 1414 concursum
797 1354 860 1431 est,
886 1355 921 1415 ut
955 1349 1093 1415 alternis
1119 1348 1261 1430 confixi,
1285 1349 1399 1415 hostes
1435 1350 1528 1414 ambo

331 1455 455 1541 pariter
477 1461 784 1538 consternerentur‚
802 1476 968 1541 superque
992 1456 1136 1522 occisum
1152 1477 1211 1521 sua
1228 1477 1330 1522 manu
1354 1457 1529 1538 Aruntem,

329 1564 455 1628 Brutus
471 1562 539 1647 ipse
556 1569 669 1628 mutuo
686 1563 827 1641 vulnere
844 1563 1024 1648 expiraret.
1037 1565 1151 1628 Funus
1170 1563 1297 1629 consuli
1314 1563 1528 1648 praeclarum

244 1670 286 1735 10
332 1671 433 1735 rebus
457 1669 607 1735 omnibus
630 1669 763 1751 factum,
780 1669 838 1735 sed
856 1670 945 1734 nulla
962 1690 1001 1735 re
1017 1670 1132 1756 magiS,
1149 1669 1234 1754 quod
1251 1690 1329 1734 eum
1345 1675 1529 1752 matronae,

331 1797 540 1842 communem
563 1782 600 1842 ut
622 1783 805 1862 parentem,
830 1797 917 1843 anno
940 1777 1072 1861 integro
1096 1777 1266 1842 luxerunt.

315 1971 480 2027 Lombardo
507 1972 544 2027 da
572 1973 672 2027 Serico
700 1969 845 2028 continue
873 1973 934 2042 pei,
955 1986 1074 2042 sempre
1096 1986 1152 2042 per
1171 1972 1304 2027 incarico
1318 1972 1349 2026 di
1364 1974 1530 2026 Francescc

242 2053 277 2108 da
298 2054 434 2120 carrara,
455 2053 476 2107 il
497 2054 651 2108 riassunto
672 2053 751 2108 delle
773 2054 837 2108 vlle
856 2053 885 2108 di
906 2054 1098 2120 Alessandro,
1119 2054 1215 2121 Plrro,
1231 2052 1394 2119 Annibale,
1409 2055 1440 2107 F.
1456 2054 1530 2106 Mas-

230 2134 329 2198 ·simo,
360 2134 516 2200 Marcello,
546 2135 663 2189 Nerone
691 2150 707 2189 e
737 2134 820 2188 Livio
848 2133 1033 2200 Salinatore,
1053 2132 1191 2188 Cornelio
1216 2132 1378 2198 Africano,
1406 2134 1528 2198 Catone,

241 2214 378 2283 Scipione
391 2214 505 2281 Nasica,
520 2217 550 2269 T.
562 2216 594 2280 Q.
606 2215 786 2281 Flaminino,
800 2217 830 2269 L.
842 2215 979 2284 Scipione
992 2213 1143 2282 Africano,
1155 2214 1187 2268 P.
1199 2213 1309 2267 Emilio
1323 2213 1527 2281 Macedonico,

241 2293 350 2348 Cecilie
378 2294 514 2362 Metelle,
544 2295 683 2364 Scipione
712 2295 877 2363 Emiliauo,
910 2297 1055 2364 l’ompeo,
1084 2294 1193 2361 Mario,
1223 2294 1348 2362 cesare,
1377 2296 1526 2362 Augusto,

242 2373 437 2442 Vespasiano.
457 2376 594 2431 Traiane.
