3284 5750
243 546 302 611 lbtt
685 558 872 611 artaxersen
896 556 1066 607 ammaon

327 751 443 826 tusque
480 762 545 826 quo
583 741 718 806 tenebar
757 749 864 805 metus
903 746 973 805 est.
1013 746 1046 805 et
1085 738 1168 803 alios
1207 758 1322 804 omnes
1358 745 1389 804 et
1421 739 1484 802 hunc

325 858 402 914 ante
436 849 517 913 alios
551 856 618 913 totu
655 854 764 913 mente
798 846 949 931 suspicio.
986 848 1054 911 lam
1089 846 1144 931 qui
1181 865 1235 911 me
1267 845 1341 910 aliis
1375 845 1486 910 iudican-

324 958 400 1021 dum
423 956 550 1029 clabum,
576 975 660 1020 nnnc
684 954 724 1019 de
747 953 819 1018 aliis
837 954 868 1017 in
893 952 1022 1018 silentio
1045 952 1192 1018 iudicans
1217 952 1310 1018 varie
1332 951 1487 1036 quidemin

326 1063 470 1147 reliquia,
497 1063 528 1126 in
569 1062 630 1127 hoc
654 1062 697 1125 ita
722 1060 839 1141 iudico,
877 1066 910 1125 ut
936 1058 1030 1124 facile
1054 1058 1113 1124 sibi
1139 1058 1288 1144 vulgaris
1314 1058 1487 1143 eloquentiae

260 1170 277 1203 ·”
326 1170 467 1255 palmam
491 1168 575 1232 dein.
593 1166 798 1231 Mentiuntur
821 1166 922 1249 igitur
948 1185 1000 1230 me
1024 1164 1110 1230 illius
1127 1165 1249 1230 lamam
1273 1184 1418 1250 carpere,
1435 1183 1486 1229 cun

327 1296 411 1340 uuus
434 1294 496 1359 ego
519 1274 606 1339 sorte
624 1272 739 1338 melius
763 1292 862 1357 quam
878 1271 969 1337 multi
994 1292 1036 1337 ex
1059 1270 1108 1335 his
1133 1271 1266 1336 insulsis
1290 1276 1321 1336 et
1340 1269 1486 1334 immodicis

326 1382 549 1447 laudatoribus
572 1379 684 1460 sciam,
706 1378 782 1464 quid
806 1377 837 1442 id
863 1383 912 1443 est
928 1378 975 1443 eis
1000 1377 1076 1462 ipsis
1100 1377 1314 1461 incognitum,
1338 1377 1418 1462 qnod
1436 1375 1485 1440 ille

327 1509 402 1553 rum
436 1507 536 1552 aures
571 1487 702 1562 mulcet,
726 1485 782 1549 sed
816 1485 991 1550 obstructis
1025 1484 1149 1568 ingenii
1187 1485 1371 1550 tramitibus
1393 1482 1420 1547 in
1438 1480 1485 1547 ani

327 1617 416 1660 mum
439 1614 505 1659 non
529 1592 704 1658 descendit.
729 1593 811 1658 Sunt
836 1593 923 1656 enim
946 1612 989 1657 ex
1012 1591 1069 1656 illo
1092 1611 1198 1677 grege
1222 1611 1321 1675 quem
1346 1591 1446 1656 Cicero
1461 1588 1484 1651 in

328 1702 521 1768 Rhetoricis
545 1708 636 1765 notat
658 1720 731 1764 cum
748 1698 870 1784 inquit:
897 1701 1014 1783 depulit
1036 1700 1214 1763 orationes
1237 1698 1344 1763 borco-s
1360 1704 1415 1763 out
1427 1713 1483 1778 pce

328 1816 436 1886 oculu,
458 1808 613 1891 protunc!
634 1814 795 1872 oratores·
819 1813 882 1871 ccccl
900 1813 1033 1888 poeta-s,
1057 1825 1166 1889 caepere
1190 1807 1387 1891 intercipiant
1404 1820 1482 1888 precra
1526 1826 1528 1830 ·

326 1918 494 1981 conmuni
511 1915 670 1998 prebeant,
695 1915 788 1998 qrcocl
809 1916 901 1979 scire
923 1934 993 1979 croac
1012 1921 1165 1996 poa-eiciet
1191 1914 1252 1979 echi
1273 1916 1328 1991 ac't,
1353 1907 1481 1994 crecentii

326 2026 382 2101 rit,
406 2044 468 2087 cecc·
496 2022 667 2105 placitone
689 2022 828 2104 scirtii-nc
858 2022 905 2085 ait
931 2021 1083 2104 aliquod
1109 2040 1165 2085 eoa
1191 2022 1349 2086 accerime
1370 2020 1478 2084 delectet.

328 2131 361 2194 ld
386 2130 412 2194 si
438 2130 471 2194 in
496 2129 713 2194 Demosthene
738 2136 770 2192 et
793 2127 899 2192 Tullio
924 2129 1020 2213 inque
1043 2129 1188 2193 Homero
1212 2136 1246 2194 et
1269 2127 1404 2211 Virgilio
1420 2125 1479 2188 inter

260 2238 279 2299 ἴ
327 2238 488 2303 litteratos
514 2237 660 2302 homines
684 2243 717 2301 et
734 2236 766 2299 in
790 2235 909 2300 scholis
933 2235 1059 2312 accidit,
1075 2235 1151 2320 quid
1168 2235 1202 2300 in
1218 2236 1283 2301 hoc
1297 2242 1403 2301 nostro
1419 2231 1479 2296 inter

326 2344 441 2409 idiotas
467 2344 499 2407 in
525 2343 671 2409 tabernis
696 2350 729 2408 et
753 2342 785 2406 in
809 2342 883 2407 foro
907 2362 1001 2427 posse
1026 2350 1118 2427 putas
1143 2339 1346 2408 acciderel³¹
1361 2337 1437 2417 Quod
1453 2332 1480 2400 ad

327 2472 379 2516 une
404 2450 529 2527 attinet,
567 2450 672 2514 miror
696 2469 757 2533 ego
792 2448 885 2513 illurn
909 2456 942 2515 et
976 2449 1085 2534 diligo,
1111 2468 1177 2514 non
1212 2457 1391 2515 contemno.
1411 2438 1479 2509 naid

328 2560 413 2623 sorte
439 2577 511 2622 meo
536 2556 609 2621 iure
633 2556 773 2621 dixerim
798 2555 823 2620 si
848 2556 888 2620 ad
913 2556 998 2621 hanc
1026 2562 1170 2621 aetatem
1193 2555 1370 2641 pervenire
1390 2551 1427 2617 illi
1444 2548 1481 2613 da·

327 2672 395 2729 tum
420 2669 515 2744 esset,
541 2683 662 2748 paucos
685 2663 873 2727 habiturum
890 2663 1008 2748 quibus
1024 2669 1111 2729 esset
1133 2663 1281 2744 amicior,
1308 2683 1401 2748 quam
1419 2652 1480 2722 mibi.
1511 2672 1513 2679 ·

240 2770 284 2835 20
330 2771 377 2834 lta
402 2770 473 2834 dico
496 2769 521 2834 si
546 2777 701 2854 quantum
737 2768 878 2833 delectat
912 2768 1058 2855 ingenio,
1083 2775 1213 2835 tantum
1244 2769 1386 2834 moribus
1406 2762 1482 2830 delec

326 2884 434 2943 taret:
463 2877 546 2943 sicut
570 2898 613 2942 ex
637 2877 767 2942 diverso
791 2876 900 2941 nulln's
923 2877 1041 2962 quibus
1057 2884 1143 2943 esset
1166 2877 1317 2944 infestior
1340 2894 1426 2962 quam
1443 2869 1483 2934 hos

328 2985 545 3070 ineptissimos
581 2983 778 3066 laudatores
802 2985 858 3069 qui
882 2984 1014 3049 omnino
1049 2984 1127 3070 quid
1149 2984 1283 3051 laudent
1317 2983 1428 3069 quidve
1445 2977 1485 3042 in-

327 3093 467 3177 probent
501 3112 543 3157 ex
568 3112 674 3177 aequo
708 3092 869 3170 nesciunt,
900 3099 933 3158 et
955 3113 1020 3178 qna
1054 3092 1146 3158 nulla
1170 3099 1287 3177 potitae
1322 3085 1486 3178 praesertin
1525 3083 1528 3090 ’

327 3199 465 3284 gravior
488 3198 620 3280 iniuria,
645 3200 764 3284 scripta
790 3200 861 3265 eius
890 3198 1133 3285 pronuntiando
1157 3198 1303 3265 lacerant
1325 3206 1416 3284 atque
1435 3210 1488 3260 ccr-

239 3305 282 3370 25
329 3313 506 3390 rumpunt:
531 3327 615 3390 quac
649 3326 711 3390 ego
739 3307 889 3388 forsitan,
914 3305 975 3370 nisi
1012 3327 1065 3372 me
1090 3326 1241 3393 meorum
1277 3326 1360 3371 cura
1383 3300 1491 3369 vocaret

329 3413 404 3491 alio,
428 3434 488 3498 pro
513 3413 601 3477 virili
625 3421 718 3498 parte
747 3416 788 3479 ab
812 3415 874 3480 hoc
898 3414 1039 3479 ludibrio
1071 3413 1283 3478 vindicarem.
1309 3413 1403 3478 Nunc
1427 3401 1493 3495 cuod

328 3541 430 3584 unum
454 3526 567 3597 restat,
603 3540 729 3604 queror
752 3529 786 3586 et
809 3524 998 3587 stomachor
1028 3520 1115 3586 illius
1139 3520 1313 3606 egregiam
1342 3519 1404 3586 stili
1426 3518 1497 3582 fron·

328 3634 392 3691 tom
417 3627 577 3692 inertibus
612 3628 731 3692 horum
766 3627 887 3713 linguis
922 3628 1057 3713 conspui
1080 3627 1282 3712 foedarique.
1320 3628 1382 3693 Ubi
1418 3639 1498 3690 nuum

326 3733 410 3818 quod
436 3733 525 3799 locus
550 3734 651 3820 exigit
675 3755 739 3799 non
764 3735 875 3811 sileb0,
900 3735 1001 3800 fuisse
1019 3735 1097 3799 mibi
1120 3755 1186 3799 non
1215 3733 1366 3801 ultimam
1388 3748 1502 3800 causam

237 3839 245 3898 :
327 3839 410 3905 hauc
434 3840 496 3904 stili
533 3841 603 3905 eius
632 3841 816 3922 deserendi,
853 3842 905 3907 cui
929 3842 1119 3907 adolescens
1155 3841 1385 3907 incubueram.
1414 3833 1505 3906 Timui

328 3945 414 4009 terrim
438 3946 470 4009 in
494 3948 575 4012 meis
599 3948 684 4032 quod
708 3948 741 4011 in
765 3948 906 4014 aliorum
929 3948 1068 4033 scriptis,
1092 3948 1338 4034 praecipueque
1362 3949 1458 4013 huius
1478 3944 1508 4010 de

327 4073 391 4137 quo
413 4052 589 4137 loquimur,
613 4054 775 4135 videbam,
805 4074 909 4139 neque
945 4054 1157 4121 volubiliores
1181 4055 1272 4140 vulgi
1308 4055 1441 4140 linguas
1463 4056 1510 4120 eut

327 4159 460 4244 spiritus
484 4160 650 4225 molliores
675 4162 755 4226 meis
784 4161 818 4225 in
843 4163 942 4227 rebus
965 4161 1107 4247 speravi,
1131 4182 1231 4248 quam
1253 4161 1288 4226 in
1311 4162 1448 4228 illorum
1469 4181 1513 4227 es·

329 4272 411 4342 sont,
435 4286 516 4351 quos
541 4272 688 4332 vetustas
713 4274 744 4334 et
767 4268 991 4354 praescriptus
1022 4268 1120 4334 favor
1144 4267 1283 4334 theatris
1310 4289 1350 4335 ac
1373 4267 1516 4355 compitis

236 4371 281 4435 35
327 4371 460 4439 urbium
482 4372 714 4440 celebrassent.
749 4376 867 4460 Meque
890 4395 956 4441 non
980 4375 1107 4441 frustra
1139 4374 1287 4441 timuisse
1311 4396 1366 4441 res
1390 4376 1516 4451 indicat,

326 4479 455 4566 quando
486 4479 592 4544 iubis
623 4479 698 4566 ipsis
723 4481 844 4565 pauciS,
868 4502 954 4565 quae
979 4481 1056 4545 mihi
1085 4482 1276 4548 iuveniliter
1301 4502 1360 4567 per
1385 4481 1419 4547 id
1442 4491 1520 4548 tom-

319 4607 385 4678 pus
410 4585 521 4677 elapsa
539 4591 625 4670 sunt,
649 4587 744 4676 vulgi
758 4587 881 4676 linguis
905 4588 1034 4655 assidue
1058 4588 1199 4656 laceror.
1220 4588 1399 4674 Indignans
1423 4587 1520 4676 quod-

1535 3407 1543 3444 l
