3284 5750
152 589 176 602 ,,
197 588 216 628 .,

211 637 213 642 ⁵
722 675 840 728 10001

224 841 286 928 Μο
303 856 396 942 duce,
420 865 454 926 et
476 856 623 944 obliquos
647 859 758 937 calles
783 858 977 945 patriaeque
1002 858 1134 924 labores

223 968 332 1052 Atque
354 955 438 1043 tuos,
462 972 496 1032 et
520 966 626 1031 adhuc
649 964 750 1031 terris
773 965 886 1050 ignota
909 984 1064 1030 sororum
1077 963 1098 998 ¹⁴

224 1073 380 1156 Stamina,
404 1080 473 1139 tum
498 1072 604 1157 rigido
629 1078 823 1137 contortum
843 1070 960 1156 pollice
984 1071 1087 1137 fatum

224 1179 381 1265 Aspicies.
405 1180 478 1250 Huc
500 1177 596 1245 flecte
620 1176 801 1244 animum¹⁵.
827 1177 947 1243 Viden’
973 1177 1029 1244 illa
1054 1179 1115 1243 sub
1139 1179 1263 1257 Austro

129 1288 201 1352 180
224 1285 355 1353 Μο0010
378 1292 412 1352 01
434 1285 549 1351 infami
573 1283 709 1370 periura
733 1284 855 1369 palatia
878 1291 989 1351 monte

224 1391 389 1459 Femineis
412 1392 548 1458 fundata
571 1391 672 1457 dolis?
697 1390 817 1457 Viden’
843 1391 951 1476 ampla
975 1391 1146 1457 furentum

226 1498 370 1566 Concilia
394 1506 427 1564 et
449 1498 558 1583 tepido
581 1498 759 1564 stillantem
782 1497 944 1583 sanguine
967 1497 1120 1563 turbaml

225 1604 316 1675 Heu!
341 1604 478 1669 nimium
502 1588 623 1669 nostris
647 1603 727 1668 urbs
751 1602 906 1689 insignita
932 1602 1046 1685 001010,

225 1711 315 1777 Heu!
341 1711 479 1776 nuribus
503 1716 584 1776 trux
606 1717 701 1776 terra
724 1709 823 1791 Italis,
846 1709 970 1775 iterum
993 1730 1087 1775 arma
1110 1717 1258 1777 retentas

131 1819 201 1885 185
223 1819 343 1885 Fracta
366 1817 479 1898 semel,
503 1816 680 1902 vacuisque
690 1814 712 1849 ¹⁶
734 1817 855 1882 iterum
881 1817 981 1883 struis
1005 1817 1137 1903 agmina
1161 1818 1283 1884 bustisl

226 1926 280 1992 Sio
302 1925 449 1992 Tiberim
471 1923 673 2005 indomitum,
698 1924 892 2010 segnissime
915 1921 1102 2009 Bagradafl,
1126 1926 1264 1991 temnis?

227 2034 281 2100 Sic
304 2032 409 2114 mode,
433 2030 568 2118 Byrsa¹⁸
590 2032 697 2112 teron,
722 2031 880 2117 Capitolia
906 2031 1043 2118 despicis
1066 2032 1152 2098 altat

226 2139 411 2225 Experiere
434 2138 566 2219 iterum,
590 2145 624 2203 et
647 2137 813 2204 dominam
836 2158 896 2224 per
919 2140 1060 2204 verbera
1080 2159 1206 2205 nosces.

228 2248 258 2312 Is
281 2246 351 2328 tibi,
375 2252 461 2328 nate,
485 2246 578 2311 labor
600 2252 759 2331 superest,
785 2266 825 2311 00
849 2246 954 2330 gloria
978 2246 1063 2313 iuste

132 2354 203 2419 190
224 2354 334 2420 Marte
357 2372 471 2439 parem
494 2352 624 2419 lactura
647 2351 725 2417 deis.
750 2352 841 2417 Haec
864 2353 1004 2418 vulnera
1032 2353 1105 2419 iuro

226 2460 329 2527 Sacra
352 2458 431 2524 mihi
454 2459 584 2537 merito,
609 2459 736 2545 patriae
760 2460 879 2544 quibus
902 2480 999 2526 omne
1017 2461 1153 2546 rependi

227 2567 321 2643 Quod
345 2566 490 2644 dederat,
514 2566 632 2652 quibus
655 2567 696 2632 ad
719 2587 858 2651 superos
874 2568 1045 2637 ,Mavortia
1069 2568 1176 2635 virtus

226 2673 319 2740 Fecit
341 2672 416 2756 iter,
440 2693 506 2739 non
529 2673 597 2739 ulla
619 2693 711 2739 meos
734 2673 932 2739 fodientibus
956 2681 1049 2740 artus

227 2780 383 2846 Hostibus
405 2785 503 2865 atque
527 2781 669 2845 abeunte
693 2780 802 2845 anima
826 2780 904 2844 mihi
927 2781 1030 2846 multa
1053 2781 1176 2848 dolenti

133 2888 205 2955 195
228 2887 420 2955 Occurrisse
443 2888 534 2975 prius
557 2887 638 2954 tanti
663 2887 824 2954 solamina
847 2909 951 2972 casus,
1100 2957 1101 2962 ,

229 2996 335 3071 Quam
358 2990 444 3082 quod
468 2995 715 3079 magnanimum
737 3002 809 3081 post
831 2996 952 3061 funera
976 3003 1088 3062 nostra
1114 2996 1266 3064 videbam
1374 3002 1377 3006 ’

227 3102 377 3168 Ultorem
400 3122 575 3188 superesse
600 3102 700 3179 domi;
725 3122 799 3187 spes
823 3093 884 3168 ista
908 3102 1039 3169 levabat

229 3209 309 3276 lnde
331 3216 439 3275 metus
462 3209 553 3287 alios,
577 3208 654 3276 hinc
677 3230 809 3275 sensum
835 3210 950 3276 mortis
974 3231 1150 3278 amarae».

228 3317 320 3382 Talia
343 3325 538 3383 narrantem
562 3318 731 3403 percurrit
742 3316 772 3398 ¹⁹,
797 3325 831 3383 et
854 3318 954 3403 impia
976 3319 1109 3384 maestis

131 3424 204 3490 200
226 3423 378 3490 Vulnera
400 3424 580 3490 luminibus
602 3431 773 3510 totumque
797 3445 816 3489 a
839 3426 967 3491 vertice
991 3445 1108 3511 corpus

227 3531 362 3597 Lustrat
385 3531 531 3616 adusque
555 3532 668 3617 pedes;
693 3537 727 3597 at
749 3552 843 3597 mens
867 3532 920 3616 pia
944 3532 1108 3617 prominet
1131 3538 1236 3615 extra,

226 3638 442 3723 Ubertimque
466 3636 573 3704 fluunt
596 3639 761 3720 lacrimae,
787 3659 849 3704 000
872 3638 968 3724 plura
993 3645 1166 3724 parantem

227 3745 398 3827 Sustinuit,
423 3745 604 3832 mediisque
628 3746 814 3832 irrumpens
838 3745 1107 3833 vocibusorsus:

229 3852 339 3933 «Heu,
362 3851 443 3917 heul
468 3851 545 3936 quid
568 3851 680 3918 video?
705 3854 865 3928 Quisnam
887 3854 970 3919 baec
993 3853 1103 3919 mihi²⁰
1124 3861 1259 3940 pectora
1282 3854 1364 3922 duro

131 3957 202 4023 205
226 3956 369 4023 Confixit
389 3978 559 4037 mucrone,
585 3958 726 4044 parensl
751 3980 835 4043 quae
860 3959 976 4026 dextra
999 3961 1182 4025 verendam

226 4063 386 4130 Gentibus
410 4064 575 4131 immerito
598 4065 734 4131 violarit
757 4066 919 4152 sauguine
942 4067 1107 4133 frontem?

226 4170 295 4253 Dio,
319 4171 464 4258 genitor3
488 4171 534 4237 nil
558 4180 634 4238 ante
658 4193 759 4257 queas
783 4173 990 4240 committere
1016 4174 1137 4240 nostris

225 4277 427 4344 Auribus».
452 4278 544 4345 Haeo
567 4278 687 4360 diceus,
713 4278 778 4345 alto
804 4280 966 4346 radiantia
990 4278 1070 4346 fletu

225 4382 341 4450 Sidera
364 4382 454 4450 visus
477 4393 552 4451 erat
574 4384 734 4469 sedesque
757 4385 910 4470 implesse
934 4385 1071 4470 quietas.

134 4489 202 4555 210
225 4488 342 4555 Infima
364 4489 391 4555 si
415 4490 512 4557 liceat
535 4491 670 4556 summis
694 4511 851 4577 aequare,
877 4493 1005 4558 marina

224 4595 329 4662 Piscis
352 4616 438 4683 aqua
461 4596 621 4699 profugus
645 4595 811 4682 fluvioque
836 4604 987 4684 repostus
1010 4619 1149 4666 amoeno

225 4702 298 4771 Non
322 4701 419 4782 aliter
442 4709 582 4792 stupeat,
606 4702 632 4768 si
656 4703 722 4769 iam
746 4705 918 4772 dulcedine
941 4711 1074 4794 captum
