3284 5750
710 659 829 714 naalol

215 838 329 907 Rebus
351 841 387 907 in
409 842 581 929 ambiguis,
606 844 707 909 rebus
730 844 910 930 tranquilla
937 844 1099 909 secundis

217 947 350 1033 Spernit
373 967 461 1033 opes,
486 949 596 1034 populi
620 956 773 1017 ventosos
796 950 924 1035 spernit
948 953 1106 1026 bonores;

218 1054 330 1120 Gloria
353 1073 436 1120 vera
459 1055 575 1141 placet.
599 1056 719 1122 Dulces
742 1056 907 1141 conquirit
934 1056 1067 1138 amicos,

216 1161 288 1226 Hae
312 1160 372 1226 sibi
397 1160 528 1227 divitiae
552 1170 638 1243 sunt,
662 1183 744 1248 ques
767 1163 850 1229 solet
873 1163 929 1228 ille
953 1183 1127 1248 perennes,
1154 1180 1163 1186 ’

147 1267 194 1331 90
217 1267 290 1342 Qua
313 1267 451 1353 peperit,
474 1289 614 1334 servare
637 1268 711 1334 fide.
735 1270 833 1336 Modo
856 1268 976 1335 fama⁶⁶
999 1289 1059 1356 per
1083 1289 1217 1336 omnem

217 1372 376 1439 Volvitur
399 1374 605 1459 Hesperiam,
631 1375 786 1441 iuvenem
811 1377 940 1442 venisse
965 1376 1118 1462 supernis

218 1482 278 1546 Dis
297 1481 446 1559 similem,
471 1482 524 1548 cni
548 1483 598 1548 vis
622 1484 791 1550 hominum
814 1504 881 1549 non
907 1483 972 1549 ulla
996 1485 1139 1566 resistat,

219 1587 348 1673 Quique
371 1587 470 1655 etiam
493 1588 620 1674 placida
642 1610 866 1675 quoscumque
890 1590 1061 1677 subegerit
1084 1590 1185 1656 armis

218 1693 342 1760 Vincat
364 1694 517 1761 amicitia.

149 1800 195 1865 95
218 1799 375 1867 Vincitur
399 1806 435 1867 ut
457 1801 551 1890 caelo
573 1802 699 1887 species
722 1803 852 1869 telluris
877 1823 1010 1889 opacae,

218 1907 353 1974 Florida
376 1908 423 1974 sic
445 1928 560 1975 omnes
583 1909 681 1975 tellus
705 1911 824 1996 premit
848 1911 929 1976 Itala
952 1917 1084 1989 terras;

220 2015 329 2100 thue
352 2014 433 2081 nitet
457 2015 539 2082 caeli
563 2037 640 2101 pars
664 2016 779 2102 purior
803 2038 869 2082 una
893 2018 1014 2096 sereni,

221 2120 315 2187 ltalia
338 2122 385 2187 sic
408 2123 513 2188 Roma
537 2129 652 2208 potens
675 2124 864 2210 praefulget
886 2124 920 2189 in
943 2124 1034 2209 ipsa;

220 2227 341 2312 Solque
364 2227 456 2295 velut
479 2228 579 2293 radiis
602 2227 763 2315 fulgentia
787 2230 895 2294 sidera
920 2229 1031 2308 vincit,

132 2334 200 2399 100
225 2333 331 2419 Scipio
354 2334 401 2400 sic
423 2354 537 2400 omnes
560 2341 704 2420 superat.
729 2336 800 2401 Stat
823 2356 905 2402 vera
929 2336 1048 2402 fateri:

223 2441 296 2507 Non
318 2440 411 2505 illum
433 2446 548 2507 nostro
569 2441 726 2507 iuvenem
750 2441 789 2507 de
812 2462 906 2507 more
929 2449 1079 2510 creatum

220 2546 361 2629 Dixeris,
386 2554 484 2633 atque
506 2547 580 2613 ideo
602 2568 670 2614 non
692 2548 802 2614 omnia
826 2548 907 2614 falsa
930 2549 1039 2615 locuta
1063 2555 1114 2615 est

219 2655 321 2720 Fama
345 2653 455 2720 virum
478 2674 579 2739 super
602 2660 692 2721 astra
714 2655 856 2731 levans;
881 2676 959 2720 nam
982 2655 1131 2742 protinus
1155 2655 1221 2721 alto

220 2764 424 2828 Persuasum
447 2768 497 2827 est
520 2760 630 2826 multis
654 2761 820 2827 hominem
845 2762 933 2828 hunc
953 2763 1156 2829 descendere
1179 2762 1281 2829 caelo.

202 2957 316 3022 Quindi
333 2970 350 3012 a
368 2957 480 3025 meglio
511 2957 692 3014 dimostrare
719 2958 748 3013 la
773 2957 901 3014 fortezza
924 2957 1058 3014 d’animo
1077 2958 1108 3014 di
1127 2959 1275 3029 Scipione,
1295 2958 1414 3014 ricorda

128 3038 190 3093 due
209 3037 324 3107 episodi
343 3036 423 3093 della
441 3051 497 3093 sua
516 3037 580 3092 vita
599 3037 771 3119 giovanile:

220 3190 283 3256 Sed
307 3189 372 3256 duo
394 3211 483 3256 nunc
504 3188 652 3276 tetigisse
675 3196 726 3255 sat
749 3196 808 3255 est.
834 3190 944 3255 Furor
968 3189 1069 3256 hostis
1093 3189 1206 3260 acerbi

219 3296 344 3363 Fleuda
368 3295 539 3382 Cisalpiuis
562 3296 629 3361 iam
653 3295 779 3361 Gallica
803 3316 892 3362 rura.
911 3296 1034 3361 colonis

131 3405 198 3470 170
220 3403 403 3470 Vastabat:
429 3404 569 3469 Romam
591 3402 657 3468 iam
679 3401 811 3468 flamma
836 3402 926 3468 Pado
950 3410 1046 3469 tenus
1070 3402 1191 3468 ardens

219 3512 263 3576 Et
285 3510 483 3596 Capitolinas
506 3510 617 3575 fumus
640 3508 801 3595 perflabat
824 3510 865 3575 ad
888 3530 993 3583 arces.

220 3617 385 3684 Maximus
408 3617 473 3683 huc
495 3617 601 3683 nostri
624 3617 755 3703 genitor
779 3617 870 3683 ducis
894 3616 963 3702 ipse
986 3615 1137 3703 malignis
1219 3699 1222 3704 ¹

220 3724 361 3791 Mittitur
385 3722 574 3810 auspiciisffl.
600 3723 684 3800 Quid
708 3723 838 3791 multa?
862 3724 1057 3791 Patentihus
1080 3723 1170 3789 arvis

221 3831 483 3918 Congredimur:
508 3837 642 3917 superat
664 3832 806 3896 Poenus
831 3830 991 3897 Periisset
1013 3829 1047 3894 in
1070 3829 1127 3895 illa

129 3938 197 4003 175
220 3939 294 4003 Dux
317 3936 398 4017 acie,
422 3939 485 4004 nisi
508 3944 615 4018 natus,
640 3957 742 4022 agens
766 3943 845 4004 tnnc
868 3936 1002 4002 circiter
1025 3957 1149 4002 annum

221 4044 382 4111 Octavum
407 4043 643 4129 decimumque,
668 4043 765 4108 ferox
789 4042 912 4109 tellure
939 4043 1102 4108 iacentem

220 4149 498 4236 Transfixumque
520 4149 616 4231 latus,
633 4149 741 4215 media
765 4148 805 4215 de
829 4155 937 4216 morte
961 4155 1133 4235 parentem

220 4257 403 4344 Eripuisset
425 4256 518 4345 (opus
542 4255 650 4344 pueri)
672 4256 861 4341 mediosque
887 4276 945 4341 per
970 4256 1080 4322 hostes

218 4363 366 4430 Fecisset
387 4382 548 4429 mucrone
571 4362 668 4427 viam.
694 4362 764 4427 Iam
787 4362 855 4428 fata
878 4362 1073 4447 premebant

129 4472 195 4538 180
221 4470 353 4552 Ultima,
376 4470 507 4556 iamque
532 4469 641 4534 minax
665 4469 759 4535 ferro
782 4469 975 4554 facibusque
999 4474 1166 4554 potentem

220 4577 385 4644 Hannibal
409 4577 537 4644 Italiam
560 4577 771 4652 coniecerat;
796 4582 870 4643 atra
894 4582 1053 4642 cruentus

220 4686 412 4752 Cannarum
435 4690 469 4752 11
492 4692 605 4751 nostro
628 4684 774 4749 famosus
798 4681 961 4767 sanguine
985 4681 1078 4755 vicus
