3284 5750
198 531 241 601 56
644 553 833 607 lmANoEsco
867 552 1037 603 paratam

285 730 439 796 Vulnera
463 731 659 798 vulneribus
682 732 783 798 Latiis
807 731 996 809 inflixerat3
1022 752 1154 799 omnem

287 837 385 921 Spem
408 845 515 903 metus
539 838 722 923 expulerat.
747 838 863 904 Veluti
886 860 989 923 quum
1013 837 1166 904 fluetibus
1190 839 1288 905 alnus

197 940 262 1007 185
285 943 473 1024 Succubuit,
498 944 646 1029 caelique
670 963 792 1030 graves
816 944 990 1030 pelagique
1013 944 1175 1012 tumultus

287 1051 359 1115 Non
382 1050 465 1131 tulit,
490 1050 690 1116 horrescunt
713 1057 846 1132 nautae,
871 1052 1043 1137 pallorque
1067 1073 1128 1138 per
1152 1073 1214 1119 ora

286 1155 459 1238 Funditur,
478 1175 523 1223 ”ac
546 1156 690 1243 trepidos
714 1157 806 1243 angit
830 1177 917 1223 nova
941 1179 1023 1224 cura
1048 1160 1237 1246 magistros,

285 1265 357 1340 Qua
382 1263 489 1349 rapiat
512 1264 572 1328 sibi
595 1263 733 1350 quisque
757 1265 881 1351 fugam,
905 1286 964 1331 seu
989 1266 1101 1333 littora
1125 1268 1223 1345 saltu,

286 1369 351 1435 Seu
376 1369 499 1455 scopuli
523 1389 641 1436 saxosa
666 1376 780 1456 petens
803 1371 881 1456 iuga
907 1391 1012 1456 parva
1036 1372 1222 1460 propinqui,

198 1476 263 1542 190
286 1477 351 1543 Seu
376 1476 525 1542 residens
548 1484 668 1543 trunoo
692 1476 816 1543 disiecti
840 1478 974 1544 turbine
998 1479 1084 1545 clavi

285 1583 406 1649 Enatet
429 1604 469 1649 ac
494 1583 607 1649 rabido
631 1584 811 1652 committat
834 1585 968 1651 brachia
992 1594 1112 1671 ponto:

285 1690 372 1755 Talis
395 1697 469 1756 erat
493 1696 627 1757 nostrae
650 1697 754 1757 status
779 1691 880 1770 urbis,
905 1691 984 1757 talia
1008 1693 1101 1758 nobis

287 1799 439 1865 Consilia.
463 1799 536 1864 Heu
560 1806 700 1885 quantas
723 1805 894 1865 tracturus
918 1800 1004 1865 mole
1028 1803 1142 1868 ruinas

287 1905 419 1990 Imperii
444 1907 582 1972 nutabat
605 1905 711 1991 apex!
737 1906 820 1982 Quid
846 1926 927 1971 vera
950 1907 1048 1973 fateri

199 2012 264 2078 195
288 2012 504 2078 Distuleriml
529 2015 657 2080 Coeunt
679 2012 854 2092 iuvenosffl,
879 2014 1097 2100 princepsque
1120 2017 1276 2083 Metellus

287 2115 498 2186 Conventus:
523 2121 600 2206 fuga
625 2121 694 2186 sola
718 2120 834 2205 placet,
859 2127 1034 2207 terrasque
1059 2131 1217 2199 nocentes

285 2225 453 2311 Linquere
476 2233 509 2292 et
532 2227 725 2313 Hesperiam
750 2226 868 2293 victori
893 2227 1027 2293 tradere
1050 2231 1174 2295 Poeno.

287 2332 381 2409 Quod
405 2332 501 2398 simul
524 2332 674 2415 innotuit,
699 2331 892 2398 ceciderunt
915 2333 1025 2415 corda,
1049 2340 1245 2422 tremorque

287 2438 446 2506 Omnibus
469 2439 602 2505 incessit
626 2438 763 2525 gelidus,
788 2440 871 2503 Tum
888 2439 975 2506 forte
993 2441 1146 2506 tribunus

197 2546 264 2613 200
287 2547 432 2625 Militiae,
458 2545 593 2611 vixdum
616 2551 750 2611 teneras
773 2544 930 2631 lanugine
953 2545 1060 2631 prima

285 2655 479 2720 Exornante
503 2673 615 2739 genas,
640 2657 714 2717 erat
736 2652 982 2737 imperterritus
1006 2674 1091 2719 unus
1201 2710 1203 2714 a

286 2761 409 2848 Soipi03
434 2762 576 2846 dumque
599 2779 713 2825 omnes
737 2759 842 2824 dubiis
868 2780 1070 2826 succurrere
1093 2762 1195 2827 rebus

287 2868 509 2936 Consulerent
531 2867 643 2953 inopes
667 2865 777 2948 animi,
801 2873 995 2953 tempusque
1011 2873 1169 2954 paventes

286 2976 513 3042 Extraherent
535 2993 689 3040 sermone
713 2973 927 3059 vago:›Quin
950 2974 1139 3060 pergimus?
1163 2974 1269 3060 inquit

198 3082 264 3149 205
287 3083 452 3170 Egregius
475 3082 617 3148 iuvenis:
642 3101 707 3146 non
731 3087 881 3165 tempora
905 3080 1003 3167 longa
1026 3088 1204 3166 supersunt

288 3190 448 3272 Consiliis,
472 3190 529 3255 sed
553 3189 639 3255 facto
662 3208 743 3274 opus
767 3194 826 3254 est.
851 3187 938 3264 Quin
961 3188 1154 3275 stringimus
1182 3190 1304 3256 enses?

286 3298 344 3378 lte,
369 3316 499 3382 precor,
524 3316 669 3373 mecum3
693 3314 860 3381 proceres,
884 3294 1002 3381 quibus
1026 3296 1140 3363 ultima
1164 3317 1247 3363 cura
1272 3305 1323 3364 est

287 3403 385 3469 Urbis
409 3410 442 3471 et
465 3402 604 3489 imperii,
629 3402 767 3488 vestigia
790 3409 905 3468 nostra
928 3411 1120 3488 sequantur.

283 3512 419 3578 Publica
444 3531 499 3576 res
522 3511 667 3577 nondum
691 3508 797 3595 periit.
817 3509 954 3595 Talique
978 3510 1122 3577 iacentes

110 3602 114 3608 ¹
196 3620 263 3686 210
286 3617 404 3685 Erexit
427 3637 581 3683 sermone
605 3600 739 3682 animos
765 3616 1005 3703 Consurgimus
1028 3638 1142 3684 omnes

287 3725 593 3811 Consequimurque
618 3723 744 3790 ducem.
769 3724 842 3788 Non
865 3722 921 3787 illo
944 3724 1063 3790 celsior
1087 3726 1155 3791 ibat

287 3829 628 3919 Amphitryoniades69
648 3853 750 3917 quum
773 3830 857 3895 dura
880 3830 1059 3896 rebellibus
1082 3831 1160 3897 olim

286 3939 420 4006 Proelia
444 3938 606 4004 semiferis
630 3944 663 4005 et
686 3936 824 4024 grandia
846 3936 913 4002 tela
937 3945 1097 4004 moveret.

117 4037 124 4095 ἶ
228 4048 230 4052 ’
254 4043 261 4052 ’
286 4049 384 4125 Imm,
410 4053 443 4112 et
466 4053 502 4112 ut
524 4045 643 4131 trepidi
667 4052 804 4111 ventum
828 4050 878 4109 est
901 4044 1051 4111 adtacta
1074 4046 1209 4125 Metelli,

196 4153 262 4220 215
286 4152 389 4220 Irruit
412 4153 480 4238 ipse
504 4152 606 4238 prior.
631 4152 745 4219 Stabat
767 4151 962 4217 tremefacta
986 4151 1145 4237 pudendis

287 4259 437 4326 Consiliis
460 4260 586 4325 intenta
609 4278 739 4335 manus;
763 4257 819 4323 vix
844 4265 969 4323 maesta
992 4260 1153 4327 sonabant

286 4370 471 4449 Murmura,
495 4368 552 4431 vix
576 4366 732 4453 pavidum
752 4366 895 4432 feriebat
918 4365 1030 4452 lingua
1054 4367 1213 4452 palatum:

220 4541 222 4545 ,
287 4474 399 4552 Qualis
422 4474 508 4540 inest
530 4472 631 4558 captis
654 4473 755 4550 color,
779 4477 837 4537 aut
860 4470 978 4538 fiducia
1002 4473 1130 4556 frontis,

287 4584 375 4660 Quos
399 4582 472 4649 fera
495 4580 638 4648 terribili
661 4579 785 4645 addixit
807 4578 970 4645 sententia
995 4581 1102 4648 morti.
