3284 5750
713 510 899 563 rnabcssco
929 508 1099 562 Parnason

353 693 500 774 Quintiis,
517 693 637 768 Curiis,
661 692 820 758 Fabriciis
838 713 877 758 ac
894 691 1051 774 Camillis,
1076 698 1110 758 et
1134 711 1200 757 non
1218 713 1295 758 cum
1318 691 1366 756 bis
1386 690 1513 757 extremi
1549 774 1553 781 Ι

352 800 491 878 furibus,
529 800 615 866 inter
639 820 720 886 qnos
755 800 898 866 adverso
931 799 1041 865 sidere
1076 806 1282 881 natussum,
1318 799 1396 863 mibi
1429 798 1515 864 videar

351 913 494 972 aetatem
517 926 630 993 agere.
660 907 701 973 Et
724 906 764 972 ol
795 906 821 971 si
846 912 931 972 totus
955 906 1034 971 mibi
1065 905 1289 992 contingeres
1319 905 1435 991 quibus
1466 904 1517 970 aliis

352 1013 526 1098 quantisve
549 1012 735 1079 nominibus
758 1019 791 1078 et
816 1013 903 1078 vitae
926 1013 1079 1079 solatium
1102 1020 1136 1079 et
1158 1012 1262 1099 iniqui
1286 1013 1442 1098 temporis
1461 1011 1519 1078 obli

285 1120 307 1184 5
354 1120 406 1184 vio
430 1126 657 1205 quaereretur.
695 1119 788 1195 Quae
811 1120 964 1205 quoniam
1000 1119 1097 1185 simul
1120 1120 1205 1207 apud
1242 1126 1276 1186 te
1299 1139 1437 1205 nequeo,
1456 1118 1532 1205 apud,

353 1226 435 1292 alios
459 1225 599 1310 sparsim
622 1225 717 1312 lego:
751 1226 899 1311 profecto
922 1232 955 1292 et
983 1227 1080 1292 eoin
1104 1227 1190 1292 libro
1221 1227 1278 1291 ubi
1302 1234 1335 1293 te
1363 1234 1463 1292 totum
1479 1224 1520 1291 sed

353 1333 386 1398 in
410 1333 577 1419 angustias
601 1333 648 1398 sic
671 1339 821 1399 coactum
845 1333 940 1398 video
965 1339 1000 1399 ut
1024 1333 1187 1399 librorum
1211 1354 1353 1399 numero
1377 1333 1460 1414 nihil,
1480 1353 1520 1398 re

353 1441 413 1505 bus
436 1441 512 1525 ipsis
536 1439 700 1506 infinitum
723 1439 816 1505 desit.
843 1441 891 1504 Tu
918 1439 1017 1505 velim
1041 1440 1081 1505 de
1098 1440 1340 1525 antiquioribus
1364 1440 1521 1526 Polybium,

353 1554 387 1613 et
410 1547 567 1622 Quintum
599 1543 808 1624 Claudiumffl,
834 1556 867 1612 et
902 1547 1072 1613 Valerium
1107 1545 1314 1625 Antiatemae,
1341 1547 1523 1634 reliquosque

232 1665 236 1672 '
269 1654 313 1720 10
357 1674 500 1740 quorum
528 1653 654 1738 gloriae
677 1653 833 1740 splendor
860 1661 936 1720 tuus
960 1653 1079 1720 officit:
1109 1655 1150 1719 de
1174 1655 1269 1720 noris
1300 1675 1385 1721 vero
1407 1654 1524 1719 Plinium
1547 1736 1553 1747 ι

353 1761 534 1828 secundum
559 1762 800 1842 Veronensem,
835 1761 979 1830 ricinum
1002 1771 1095 1827 tuum
1130 1767 1228 1847 atque
1257 1761 1424 1828 aemulum
1443 1756 1553 1847 quon-³

353 1867 429 1932 dam
451 1875 545 1933 tuum
581 1867 734 1953 Crispum
770 1867 961 1934 Sallustium
996 1867 1126 1945 salutes
1150 1867 1269 1953 quibus
1303 1868 1424 1934 nuncia
1443 1865 1522 1932 nihilo

354 1973 519 2040 feliciores
562 1994 679 2039 eorum
708 1974 839 2059 vigilias
879 1974 980 2040 fuisse
1008 1995 1107 2059 quam
1141 1982 1224 2040 tuas
1260 1976 1437 2041 AEternum
1466 1971 1522 2038 valo

355 2102 470 2147 rerum
505 2088 676 2167 gestarum
711 2081 892 2148 memoriae
929 2082 1098 2149 consultor
1122 2082 1253 2166 optime.
1278 2083 1374 2168 Apud
1401 2101 1520 2168 superos,

290 2187 1516 2275 'mmmmmfflmmmmmmmmmmmmb

356 2300 389 2360 et
412 2301 448 2360 tu
470 2293 547 2357 olim
570 2300 666 2360 natus
691 2314 729 2359 ao
753 2294 898 2379 sepultus
914 2314 960 2375 eS,
986 2295 1018 2358 in
1044 2295 1205 2361 vestibulo
1221 2296 1368 2362 Iustinae
1387 2293 1515 2381 Virginis
1545 2354 1553 2360 .

353 2408 387 2467 et
410 2408 487 2467 ante
517 2401 623 2486 ipsum
647 2401 789 2486 sepulcri
819 2401 866 2467 tui
891 2399 1071 2488 lapidemae,
1106 2420 1169 2467 vin
1197 2402 1368 2469 Kalendas
1390 2402 1514 2469 Martias:

353 2507 1514 2593 mmmomem,mmssmwmmmmfflmmmmm

355 2613 408 2679 vel
432 2621 547 2679 natum
571 2613 687 2680 audire
710 2614 880 2699 potuisses
900 2615 1054 2680 MCCCL.

810 2907 1006 2982 NOTE

221 3138 230 3154 '
278 3151 287 3187 1
309 3152 439 3221 Epistola
454 3150 652 3207 1811111111)
667 3152 701 3206 ni
716 3152 795 3207 ostie
813 3152 999 3223 Famiqtz'ari
1013 3153 1071 3221 (eo.
1085 3155 1313 3224 rescissem).
1328 3157 1392 3210 non
1406 3153 1518 3210 11111

337 3231 365 3286 al
387 3231 507 3286 fratello
526 3233 667 3299 Gerardo,
689 3247 772 3288 come
792 3233 935 3301 vogliono
962 3240 1040 3289 tutte
1065 3234 1094 3289 le
1113 3235 1254 3301 edizioni,
1277 3250 1325 3292 ma
1348 3236 1425 3292 forse
1443 3234 1474 3290 ad
1488 3243 1518 3286 on

335 3310 463 3379 fratrem
484 3312 655 3367 Jobonnem
674 3313 888 3379 Anchisaeom,
904 3320 1122 3383 appartenente
1136 3314 1296 3371 all’ordine
1310 3317 1359 3372 dei
1372 3308 1519 3371 Silvestrini

335 3390 406 3459 (Clr.
421 3392 762 3459 ancassnrr1,Lcttcre
775 3393 808 3447 oli
821 3395 857 3448 F.
871 3395 1026 3460 Peto-arca,
1041 3395 1062 3462 l,
1074 3396 1148 3463 163).
1160 3395 1207 3451 oti
1219 3397 1306 3465 parla
1318 3396 1399 3452 della
1411 3410 1462 3452 sua
1473 3404 1520 3463 pat·
1535 3385 1537 3392 ’

335 3472 421 3527 sione
440 3471 469 3527 di
490 3472 643 3541 acquistar
662 3473 742 3529 libri.

277 3578 289 3615 ²
309 3580 540 3716 inperppanoqttoq
561 3580 664 3636 vocab.
680 3589 766 3638 usato
786 3583 823 3639 da
836 3585 865 3639 S.
881 3585 1036 3651 Agostino,
1057 3584 1145 3654 quasi
1165 3584 1243 3640 nello
1262 3592 1359 3641 stesso
1378 3582 1523 3653 significato
1542 3567 1553 3636 l

357 3676 366 3715 l
419 3678 437 3713 a
483 3677 537 3717 lor·

275 3766 286 3801 ³
305 3768 561 3837 superficiartam,
581 3767 723 3823 vocabolo
743 3768 821 3824 della
842 3768 927 3825 bassa
947 3768 1077 3839 11111111,
1096 3770 1151 3825 ohe
1170 3769 1324 3839 significa:
1343 3766 1526 3840 superficiale
1551 3839 1553 3848 Ι

274 3872 285 3908 ⁴
305 3873 495 3943 officialibus,
515 3874 659 3930 vocabolo
678 3875 757 3930 della
776 3874 863 3932 bassa
883 3875 1012 3942 11111111,
1034 3877 1072 3933 da
1090 3876 1230 3947 officium.
1551 3867 1553 3874 ’

275 3978 349 4033 ⁵M.
363 3982 469 4047 Varro,
498 3981 531 4036 fu
557 3982 592 4037 da
620 3982 726 4037 cesare
745 3982 909 4039 incaricato
933 3984 963 4039 di
992 3975 1127 4041 istituire
1156 4000 1219 4041 una
1249 3985 1421 4055 biblioteca,
1448 4000 1492 4041 ma
1512 3979 1530 4037 il

334 4066 472 4129 progetto
493 4060 527 4117 lu
547 4068 683 4117 tronoato
704 4062 783 4118 dalla
805 4070 902 4118 morte
922 4064 952 4120 di
972 4064 1089 4121 cesare.

276 4164 287 4200 ⁶
307 4168 446 4235 Augusto
466 4166 565 4224 istitul
585 4169 645 4225 due
664 4169 855 4238 bibliotecbe‚
873 4172 903 4227 la
922 4171 1088 4228 Palatinae
1108 4171 1290 4229 l'Ottaviana
1309 4174 1364 4230 ohe
1384 4173 1534 4230 indonata

337 4247 395 4303 alla
415 4245 486 4303 citra
506 4248 536 4302 di
556 4250 659 4304 Roma.
818 4258 821 4264 '

277 4352 288 4388 ⁷
311 4354 440 4409 Asinius
459 4355 566 4422 Pollio,
587 4354 686 4411 istitul
706 4358 735 4410 la
760 4357 858 4427 prima
883 4357 1043 4413 biblioteca
1068 4357 1211 4427 pubblica
1230 4358 1260 4414 di
1277 4360 1373 4414 Roma
1392 4357 1538 4415 nell'atrio

337 4436 385 4492 del
407 4437 519 4506 templo
538 4436 616 4493 della
637 4436 755 4493 liberta
775 4438 1010 4495 sull'Aventino.

158 4589 161 4594 .
276 4541 288 4579 ⁸
311 4542 478 4611 anscario,
499 4542 641 4599 vocabolo
659 4545 878 4615 petrarobesoo.
