3284 5750
1452 424 1486 565 l

645 476 832 569 rmncnscn
861 510 1032 567 enimam

265 712 327 757 non
346 700 473 767 bisogna
499 699 635 755 vantarsi
663 698 692 754 d’
705 697 821 753 illustri
849 697 943 751 natali
965 697 1051 765 (XVI)
1071 710 1088 751 o
1107 695 1226 751 d'esser
1254 701 1325 750 nato
1343 693 1379 750 da
1396 695 1457 749 ricco
1485 684 1486 715 ³

265 779 402 848 famiglia
422 781 539 849 (XVll);
568 779 669 834 chela
690 779 756 846 goia
785 778 906 834 sidere
936 792 991 832 oon
1011 777 1082 844 ogni
1104 777 1185 831 foma
1210 776 1332 831 frenare
1352 777 1480 843 (lchh'

265 860 319 915 che
338 860 347 914 i
368 860 483 916 conviti
496 873 569 914 sono
589 858 672 913 fonte
685 859 713 914 di
729 857 928 913 dissolutezza
943 857 1044 925 (111111
1059 856 1112 911 che
1132 856 1299 923 l'eleganza
1312 855 1389 921 degli
1402 855 1455 909 abili

265 939 424 996 null‘altro
443 937 459 993 e
478 939 532 994 ohe
552 952 615 993 una
636 935 737 992 vanita
757 938 845 1004 (llll),
867 937 889 991 11
908 950 1004 991 sonno
1026 935 1063 990 ed
1083 936 1106 990 il
1127 937 1229 1004 ripcso
1255 935 1453 1004 un'apparenza

266 1019 296 1075 di
316 1024 412 1074 morte
432 1018 533 1087 (11111),
554 1018 564 1071 i
582 1017 718 1086 prolumi
738 1016 1022 1071 un'etl’eminatezza
1035 1015 1171 1070 dannosa
1186 1014 1345 1070 all'animo
1364 1015 1451 1081 (1111111,

262 1126 422 1192 Gauuruu
446 1162 489 1175 -
513 1123 707 1190 Artificiosis
731 1123 885 1189 odoribus
913 1122 1053 1188 assuevi.

261 1233 368 1300 Rarro
391 1216 435 1282 ’-
457 1233 635 1309 Desuesce,
660 1231 686 1296 si
711 1231 884 1296 consilium
917 1252 1025 1295 meum
1055 1229 1120 1306 vis;
1144 1229 1277 1315 turpius
1312 1234 1360 1294 est
1388 1227 1448 1293 enin
1484 1240 1486 1317 p

330 1338 528 1417 artificiosis,
553 1360 650 1424 quam
686 1337 885 1422 simplicibus
913 1337 1107 1404 assuevisse.
1132 1336 1240 1402 Omne
1272 1336 1356 1422 quod
1381 1341 1447 1418 turpe

329 1453 392 1524 est,
417 1466 480 1532 quo
504 1445 727 1523 artificiosius,
752 1465 791 1512 eo
815 1444 852 1512 fit
875 1444 1018 1530 turpius,
1044 1444 1223 1511 honestatis
1248 1449 1446 1509 ornamentum
1483 1454 1486 1543 p

328 1574 400 1636 ars,
425 1553 639 1619 inhonestatis
675 1562 724 1619 est
748 1552 917 1628 cumulus;
943 1552 1024 1618 adde
1047 1551 1134 1637 quod
1165 1559 1198 1617 et
1221 1551 1348 1617 foedius
1380 1548 1446 1614 hodie

329 1682 428 1746 quam
455 1660 549 1738 olim,
573 1660 722 1746 quamvis
758 1661 846 1725 enim
878 1661 998 1736 Roma,
1023 1667 1060 1725 ut
1087 1659 1172 1740 dixi,
1197 1664 1231 1725 et
1254 1678 1352 1743 quam
1373 1657 1446 1722 Grae

330 1787 447 1834 corum
470 1769 611 1834 Romam
645 1788 746 1855 prope
782 1767 921 1832 dixerim
956 1767 1200 1848 Lacedaemon,
1224 1766 1301 1831 huic
1332 1763 1401 1850 pesti
1418 1781 1445 1826 61

331 1875 410 1940 Asia
434 1874 590 1954 venienti,
607 1875 700 1961 quasi
724 1881 871 1941 armatae
887 1875 1030 1940 hostium
1045 1873 1178 1960 legioni,
1196 1872 1317 1938 ferreis
1333 1869 1445 1937 moribus

331 1987 430 2067 atque
453 1982 566 2048 edictis
590 1983 791 2072 obstiterint;
808 1983 851 2048 ad
874 1989 1060 2049 extremum
1077 1988 1188 2047 tamen
1205 1980 1312 2047 mollis
1329 1996 1445 2064 ungnen-

333 2096 443 2155 torum
467 2088 564 2155 simul
587 2090 751 2156 victorum
786 2089 874 2155 acies
910 2088 1037 2170 fefellit,
1062 2087 1220 2154 excubias
1255 2087 1289 2152 in
1312 2087 1446 2169 Europen

330 2197 462 2263 transiit
485 2201 516 2263 61
539 2197 732 2263 fortissimas
757 2204 872 2283 gentes
895 2196 982 2262 vicit.
1007 2197 1049 2261 Et
1072 2195 1228 2281 quoniam
1252 2194 1376 2281 singula
1395 2208 1447 2276 pro

331 2305 423 2389 sequi
447 2304 582 2390 longum
607 2312 656 2371 est
672 2325 714 2371 ex
732 2305 829 2370 unius
845 2304 1018 2389 asperrimi
1037 2310 1135 2388 atque
1152 2299 1391 2368 laboriosissimi
1403 2295 1447 2362 riri

331 2410 455 2477 mollita
478 2412 608 2488 duritie,
634 2412 673 2478 de
699 2411 834 2496 reliquis
858 2411 1082 2477 coniecturam
1106 2409 1215 2476 facito.
1241 2409 1276 2475 Si
1299 2403 1447 2493 quidemin
1484 2412 1486 2484 l

331 2517 438 2583 medio
461 2518 623 2584 bellorum
649 2525 752 2599 aestu,
769 2519 824 2583 ille
847 2517 986 2584 invictus
1010 2538 1049 2583 ac
1066 2518 1225 2583 barbatus
1242 2523 1377 2582 cruento
1396 2528 1448 2578 cun
1485 2499 1486 2517 ¹

332 2624 482 2691 exercitu
518 2632 636 2692 unctus
671 2632 721 2692 est
753 2625 930 2704 Hannibal,
966 2623 1182 2710 penetrabilia
1218 2628 1392 2710 unguenta,
1411 2614 1448 2684 sed

330 2732 587 2816 penetrabiliora
612 2740 688 2799 sunt
710 2731 798 2798 vitia.
825 2734 939 2816 ltaque
963 2728 1114 2798 enervati
1140 2729 1230 2796 ducis
1266 2751 1306 2797 ac
1329 2727 1448 2800 militum,

331 2856 473 2923 quorum
496 2844 563 2906 tam
583 2840 741 2926 stupenda
758 2839 936 2926 primordia
953 2839 1097 2918 fuerant,
1114 2838 1220 2925 qualis
1243 2837 1352 2905 'decuit
1367 2834 1448 2902 exitus

329 2944 400 3010 fuit.
427 2947 499 3022 Quo
523 2943 676 3012 effectum
700 2953 759 3030 est,
777 2953 812 3013 ut
836 2968 912 3012 cum
932 2945 1072 3012 multum
1097 2944 1245 3011 Africani
1262 2964 1389 3030 semper
1403 2940 1450 3005 vir·

330 3052 463 3131 tutibus,
487 3053 681 3119 Hannibalis
703 3061 814 3120 lamen
839 3054 1016 3140 unguentis
1039 3053 1159 3138 aliquid
1176 3053 1355 3119 deberetis:
1378 3064 1451 3133 expe

330 3158 439 3224 diebat
461 3158 525 3223 illis
550 3168 585 3225 ut
608 3160 684 3225 sicci
709 3170 828 3242 essent,
845 3161 938 3226 vobis
962 3166 998 3226 nt
1021 3166 1241 3245 ungerentur.
1258 3160 1311 3223 Ex
1327 3158 1379 3222 illo
1393 3169 1450 3220 sane

330 3265 441 3331 multis
464 3266 603 3332 saeculis
627 3266 673 3332 sic
696 3267 757 3333 iste
780 3288 851 3333 mos
867 3267 1016 3343 invaluit,
1036 3275 1072 3334 ut
1088 3267 1182 3333 labor
1199 3266 1241 3332 sit
1264 3266 1452 3352 legemque

332 3371 458 3438 dehac
482 3393 520 3439 re
544 3373 666 3460 scripta
689 3381 774 3441 sunt.
799 3375 842 3441 Et
865 3375 939 3460 quid
964 3374 1113 3460 pluribus
1138 3372 1273 3439 mereri
1301 3374 1404 3457 Usque
1425 3362 1452 3430 ad

329 3475 434 3542 illius²
457 3479 566 3564 pedes,
590 3500 655 3565 quc
678 3480 724 3544 nil
748 3480 845 3546 altius
870 3487 1077 3567 unguentum
1101 3479 1201 3562 venit,
1218 3479 1307 3565 quod
1329 3480 1402 3564 ipse,
1414 3468 1452 3558 qni

330 3603 462 3676 omnem
484 3584 655 3651 mollitiem
677 3585 864 3652 animorum
880 3594 979 3672 atque
996 3607 1110 3652 omnes
1132 3586 1308 3653 illecebras
1330 3585 1453 3669 volupta-

328 3696 398 3755 tum
415 3690 622 3757 extincturus
638 3692 831 3770 advenerat,
849 3714 963 3779 passus
979 3699 1037 3774 est,
1062 3713 1128 3759 non
1144 3698 1315 3779 unguento
1338 3690 1453 3777 quiden

329 3797 386 3862 sed
410 3798 530 3883 pietate
554 3798 732 3865 delectatus
756 3821 795 3866 ac
817 3801 963 3866 lacrimis
980 3797 1174 3867 offet²entis³.
1191 3788 1262 3866 iam
1284 3820 1365 3865 vero
1381 3793 1454 3884 pole

331 3905 446 3970 tentim
468 3926 544 3971 usus
567 3906 621 3972 hic
644 3906 733 3988 abiit,
754 3914 789 3973 ut
811 3908 939 3974 cumin
955 3908 1065 3974 multis
1081 3914 1172 3974 aetas
1190 3913 1304 3974 vestra
1321 3907 1454 3972 maiorum

331 4010 458 4096 gloriae
474 4012 580 4098 impar
596 4013 646 4092 sit,
664 4014 698 4079 in
715 4015 776 4081 hoc
793 4015 962 4081 excellere
978 4016 1140 4093 videatur,
1154 4015 1239 4100 quod
1257 4005 1455 4102 unguentaria

332 4138 398 4184 non
434 4126 483 4185 est
518 4121 628 4206 etqui
652 4122 702 4187 his
726 4123 870 4209 capitur,
894 4143 960 4189 non
995 4123 1160 4189 communi
1195 4128 1397 4209 temporum,
1416 4110 1454 4181 sed

199 4224 243 4290 30
333 4225 467 4311 proprio
490 4227 631 4311 quodam
655 4229 755 4294 animi
779 4230 858 4296 vitio
881 4231 1021 4296 laboret.

267 4332 428 4398 Gaunruu
452 4335 618 4399 —Bonis
643 4336 797 4403 odoribus
820 4337 938 4404 illicior
963 4345 994 4404 61
1018 4338 1174 4404 delector.

259 4440 372 4504 >Remo
396 4440 552 4506 -Fieri
578 4462 641 4507 non
666 4450 780 4528 potest,
804 4445 882 4530 quin
906 4466 990 4530 quae
1015 4444 1220 4511 delectabilia
1255 4451 1333 4511 sunt
1358 4446 1454 4509 natura

333 4552 367 4617 et
388 4546 535 4633 illiciant,
557 4547 634 4613 dum
656 4551 844 4636 praesentia
867 4558 953 4631 sunt,
971 4552 1144 4618 delectent.
1164 4550 1327 4639 Sapientis
1342 4534 1455 4617 hebraei
