3284 5750
195 533 237 599 16
509 601 512 608 ,
644 554 830 601 rnnuonsoo
854 553 1025 601 rsunneon

304 730 482 796 Marmoris
504 731 592 797 huno
616 731 701 796 varii
724 738 881 817 congesta
905 731 1024 816 palatia
1050 738 1202 817 tangunt,

139 906 141 911 ,
196 837 259 902 110
304 838 500 923 Moeniaque
524 837 556 903 in
574 839 677 904 nubes
701 838 809 904 solidis
834 839 991 904 subvecta
1020 838 1202 914 columnis;

306 943 466 1028 Obstupet
488 943 700 1030 omnigenum
725 943 818 1010 venis
843 943 974 1030 fulgere
998 944 1167 1009 metallum

303 1049 483 1136 Aspiciam,
507 1046 687 1138 portusque
711 1052 813 1117 maris
838 1070 897 1137 per
923 1058 1101 1136 utrumque
1125 1058 1259 1118 cavatos

304 1157 511 1231 amfractum,
537 1157 699 1225 Cererem
722 1158 855 1244 eampis,
880 1166 913 1224 et
938 1178 1020 1243 rupe
1043 1160 1194 1244 Lyaeum

304 1264 507 1330 Pendentem
532 1270 642 1342 aerea,
668 1264 813 1350 gravidis
838 1266 898 1330 sub
923 1265 1043 1331 vitibus
1067 1265 1174 1332 ulmos

195 1370 258 1435 115
304 1368 429 1437 Inflexa
453 1371 585 1437 cervice
609 1371 724 1456 premi.
748 1371 851 1438 Videt
874 1371 929 1436 ille
953 1372 1117 1457 boumque

190 1540 192 1547 ,
304 1477 591 1562 Cornipedumque
614 1497 736 1563 greges
759 1477 863 1562 pratis
886 1498 1016 1558 errare,
1042 1478 1213 1544 volantum

303 1583 453 1649 AEtheris
477 1589 509 1649 et
533 1582 649 1669 placidi
673 1583 831 1668 spatium;
857 1591 1077 1669 montanaque
1102 1583 1241 1669 Tempe¹

290 1692 412 1776 ‚Atque
436 1691 526 1756 lacus
549 1691 731 1777 stagnantis
755 1711 871 1777 aquae,
896 1691 1067 1776 fontesque
1092 1692 1244 1757 salubres

304 1797 468 1878 Invalidis‚
493 1797 610 1863 nitidos
633 1805 667 1864 et
690 1799 799 1884 opacis
823 1799 963 1864 vallibus
986 1818 1110 1865 amnes.

194 1904 260 1970 120
304 1904 417 1970 Dulcia
442 1924 536 1990 poma
561 1905 685 1991 legens,
710 1905 841 1971 divinae
865 1906 990 1971 frondis
1014 1906 1149 1972 odorem

305 2011 465 2079 Omnibus
488 2011 586 2098 inque
610 2012 689 2078 locis
713 2013 855 2079 miratur
878 2013 1018 2078 nescius.
1042 2014 1139 2078 Alma

305 2118 368 2184 Sed
392 2117 471 2183 nihil
495 2118 529 2183 in
554 2118 660 2203 patria
685 2118 789 2205 magis
813 2119 1007 2186 admirabile
1031 2119 1165 2201 cernit,-

305 2227 413 2300 Quam
435 2224 578 2291 studium
601 2246 711 2291 mores
736 2227 957 2303 hominumve,
985 2226 1195 2312 habitataque
1220 2228 1329 2294 multo

306 2331 414 2396 Corda
438 2332 515 2408 Deo,
541 2332 674 2417 ignaros
697 2351 800 2418 aegre
825 2346 962 2418 passura
986 2340 1157 2418 tyrannos.

195 2437 259 2502 125
304 2439 395 2504 Haec
419 2438 519 2504 facies
544 2459 725 2523 rerumque
750 2439 849 2505 decor
874 2438 1045 2505 dulcedine
1069 2446 1201 2524 captum
1234 2524 1236 2528 .

305 2545 488 2631 lmpellunt,
513 2545 765 2632 glomerantque
789 2546 884 2611 avido
908 2547 968 2610 sub
993 2554 1126 2631 pectore
1154 2544 1335 2629 flammam,

305 2652 551 2737 Incendentque
575 2651 670 2718 sitim.
697 2652 781 2717 Nihil
806 2653 899 2717 illum
922 2672 1018 2717 sacra
1041 2652 1171 2718 videndi

305 2758 468 2844 Corpora:
494 2759 539 2825 nil
563 2767 694 2844 patrum
717 2759 871 2835 tumulos,
896 2759 942 2823 nil
965 2760 1126 2845 sanguine
1149 2760 1252 2827 tincta

305 2867 448 2936 Innoouo
465 2865 537 2933 loca
560 2865 662 2934 movit
685 2886 788 2932 amor.
814 2867 965 2932 Terrena
988 2866 1141 2952 supernis

194 2973 259 3038 130
304 2972 441 3057 Sceptra
465 2973 587 3040 etenim
611 2972 738 3058 potiora
761 2978 889 3058 putam,
914 2971 1096 3039 extendere
1120 2973 1203 3039 fines

305 3077 462 3164 Tegmine
486 3079 546 3144 sub
570 3078 658 3164 pacis
683 3079 816 3144 rabidus
841 3078 935 3163 lupus
958 3077 1101 3145 incubat.
1126 3079 1203 3146 Alte

305 3186 468 3251 Crescere
492 3186 533 3250 ab
557 3185 685 3271 exiguis
709 3186 873 3251 radicibus
897 3191 970 3250 orta
994 3204 1180 3270 cupressus,

306 3292 657 3378 Perniciesquesolet.
683 3293 755 3359 Non
779 3292 842 3373 hic,
863 3292 941 3357 mihi
967 3291 1076 3368 crede,
1101 3292 1260 3377 quiescet:

305 3400 450 3485 Longius
474 3400 598 3486 aspirat
622 3399 751 3479 funesta
776 3399 908 3480 iniuria,
933 3419 1018 3484 quae
1041 3420 1130 3465 nuno

196 3507 261 3572 135
307 3506 430 3572 lnvasit
452 3527 535 3573 vere
559 3507 711 3572 desertae
734 3507 864 3571 moenia
887 3503 1007 3571 Lucae.

308 3612 393 3690 Quid
416 3613 559 3699 loquorl
584 3613 636 3678 Ab
660 3613 815 3679 demens!
840 3614 952 3679 forsan
977 3617 1066 3698 patet
1090 3634 1155 3678 una
1178 3613 1293 3680 salutis

306 3722 397 3786 Haec
421 3720 494 3785 via:
519 3740 605 3805 quae
628 3739 739 3784 mores
764 3720 890 3786 referat
913 3719 980 3784 iam
1002 3739 1078 3783 sera
1101 3726 1258 3786 vetustos.

306 3826 407 3893 Certe
431 3825 540 3891 animo
564 3845 638 3911 spes
662 3846 727 3891 una
750 3826 862 3891 sedet:
888 3825 956 3891 fors
980 3824 1088 3910 impia,
1113 3825 1200 3913 bella

308 3933 500 4009 Cessabunt,
525 3932 670 3998 subitum
693 3932 802 4018 pigeat
825 3931 903 3996 dum
926 3952 1069 3997 cernere
1090 3952 1225 4020 regem;

198 4041 262 4105 110
308 4041 392 4106 Nam
415 4040 539 4126 gladios
562 4061 601 4106 ac
624 4040 688 4125 pila
711 4046 803 4105 tenet
825 4042 898 4124 quis
921 4041 1043 4105 terruit
1065 4040 1187 4117 orbem¹

307 4145 388 4211 Itala
412 4146 586 4231 posteritas
609 4144 768 4230 exemplis
792 4144 884 4210 dives
907 4165 1058 4211 avorum.

308 4253 380 4318 Non
403 4251 478 4319 tulit
500 4250 640 4317 imbellis
663 4250 1043 4317 numerosumGraeoia
1066 4252 1218 4319 Xerxem

307 4360 376 4425 Aut
397 4358 554 4435 Darium;
579 4358 773 4424 Thamaris²
794 4360 979 4424 Persarum
1002 4359 1085 4425 colla
1109 4380 1226 4426 secare

308 4466 486 4552 Imperiosa
511 4465 601 4531 ducis
625 4466 691 4531 nati
715 4486 782 4532 non
804 4467 925 4532 funere
949 4467 1056 4533 fracta

200 4571 264 4640 145
309 4569 467 4653 Substitit,
492 4578 549 4637 aut
572 4591 665 4656 sexu,
690 4569 815 4639 facinus
839 4591 1016 4657 pergressa
1040 4571 1146 4638 virile.
