3284 5750
168 616 170 620 Α
200 526 241 596 18
421 577 427 589 .
643 550 829 597 unaucnsco
864 551 1036 597 1111111601

194 725 717 796 01111111111116010111116161
737 742 753 781 a
773 727 897 782 [asciare
917 727 959 794 gli
974 727 1060 782 affari
1079 679 1194 797 poiitici
1214 741 1232 782 6
1252 742 1269 783 a
1290 725 1430 784 ritornare

268 808 434 874 Gavaillon‚
454 821 559 876 presso
573 806 733 862 Valcbiusa
754 809 817 874 (vv.
828 808 886 874 56).

194 953 227 1006 7·
244 951 338 1006 Narra
357 965 374 1005 a
391 951 498 1020 Jaccpu
517 949 649 1005 Cclonna
669 950 697 1004 le
716 963 771 1005 sue
790 950 910 1005 antiche
929 964 1007 1020 pene
1027 950 1161 1006 d'amore
1181 965 1199 1006 6
1219 951 1332 1006 levita
1352 952 1402 1006 che
1414 966 1437 1006 01

268 1036 348 1088 tutto
367 1036 482 1087 assorto
501 1030 584 1100 negli
603 1029 697 1097 studi,
717 1031 851 1087 conduco
870 1047 887 1086 a
907 1031 1068 1087 valchiusa
1087 1034 1151 1100 (vv.
1161 1034 1239 1099 217).

105 1267 108 1272 ’
199 1262 264 1327 105
309 1263 393 1338 Quid
417 1262 560 1347 loquar?
586 1263 672 1330 unde
697 1263 798 1328 miser
820 1263 974 1329 lacrimas
998 1283 1143 1330 narrare
1166 1265 1332 1330 secundas

310 1369 486 1455 Incipiam:
512 1370 584 1454 quis
608 1369 723 1436 credat
747 1369 864 1436 enimi
888 1390 952 1455 qua
976 1370 1131 1436 carminis
1155 1378 1229 1437 arte

309 1475 499 1561 Expediam
523 1476 674 1560 quotiens
698 1476 851 1562 precibus
876 1477 1056 1562 deposcere
1081 1484 1225 1544 mortem

308 1583 362 1647 Me
385 1581 478 1648 dclcr
502 1582 679 1668 impulerit,
703 1584 854 1668 quotiens
878 1583 1038 1669 graviora
1063 1605 1195 1668 parare,

309 1691 398 1766 Quos
423 1689 500 1754 mihi
524 1689 661 1756 libertas
684 1690 805 1756 iterum
829 1690 1020 1775 quaerenda
1045 1691 1177 1757 labores

200 1795 265 1861 110
310 1795 498 1862 Attulerat
523 1796 705 1863 Subsistam
728 1796 855 1884 igitur3
879 1817 998 1862 verum
1022 1797 1138 1863 ultima
1162 1798 1299 1864 tandem

309 1904 489 1988 Postquam
512 1903 635 1969 cervici
659 1903 852 1969 ceciderunt
875 1903 1007 1968 vincula
1031 1911 1177 1980 nostrae,

311 2009 425 2076 Omnis
449 2009 489 2075 ad
513 2030 607 2074 arma
632 2010 732 2096 fugae
756 2031 830 2095 spes
854 2009 933 2074 mihi
957 2029 1067 2092 versa,
1091 2031 1154 2076 nec
1178 2032 1330 2096 unquam

312 2116 430 2182 Navita
453 2122 653 2183 nocturnum
676 2116 847 2201 scopulum
870 2116 917 2182 sic
940 2116 1081 2194 horruit,
1106 2123 1143 2182 ut
1165 2138 1256 2184 nunc

315 2222 405 2288 Illius
428 2229 461 2289 61
484 2222 606 2305 uultus,
631 2230 664 2289 et
688 2224 791 2289 verba
814 2222 981 2289 moventia
1004 2232 1159 2302 mentem,

204 2329 270 2396 115
313 2330 356 2396 nt
379 2334 477 2415 caput
499 2330 715 2411 auricomum,
739 2330 893 2415 niveique
917 2330 1050 2396 monilia
1074 2330 1158 2409 cclii,

311 2437 420 2522 Atque
443 2436 546 2522 agiles
569 2416 737 2519 humeros
761 2437 940 2523 oculosque
963 2437 996 2502 in
1020 2444 1128 2503 morte
1150 2438 1326 2523 placentes

309 2544 450 2610 Horren.
475 2542 640 2629 Numquid
663 2563 725 2630 ego
749 2544 918 2610 admittam
947 2564 1011 2630 quo
1035 2544 1134 2610 tertia
1159 2545 1294 2612 demum

310 2651 398 2716 irate
421 2650 571 2716 facienda
595 2650 662 2715 Deo
686 2650 751 2715 sint
773 2649 869 2715 irrita
893 2650 996 2716 vcta?

308 2756 481 2822 Dimidium
505 2763 542 2822 ut
564 2776 660 2822 sacru
682 2757 879 2842 suspendam
903 2757 1015 2822 limine
1040 2757 1197 2822 remum?

125 2885 127 2890 ·
199 2864 263 2931 120
309 2864 374 2931 Seu
398 2864 529 2931 tunicae
553 2864 741 2950 fragmenta
766 2864 877 2932 udae?
901 2871 970 2931 turn
994 2885 1094 2930 cerea
1118 2865 1222 2932 nostri

309 2972 467 3058 Corporis
491 2972 619 3058 effigies
642 2972 762 3038 tabulis
786 2973 930 3038 subsidat
958 2972 1104 3049 eburnis,

309 3080 468 3168 Supplicis
491 3080 526 3146 in
549 3100 677 3146 morem
701 3079 862 3146 acclivis?
887 3080 1125 3146 Comitantibus
1149 3102 1232 3168 ergo

308 3189 366 3254 His
390 3188 538 3255 animum
560 3187 659 3267 curis,
684 3187 760 3253 dum
784 3188 913 3274 singula
939 3195 1049 3254 mente
1074 3189 1222 3271 1610110,

307 3297 378 3362 Ηο0
401 3295 516 3381 procul
540 3294 653 3380 aspexi
677 3301 807 3361 secreto
831 3295 865 3360 in
888 3295 986 3360 litere
1009 3315 1147 3360 saxum:

198 3402 263 3468 125
309 3401 500 3492 Naufragiis
522 3406 696 3486 tutumque
720 3401 801 3468 meis
826 3408 1003 3487 aptumque
1028 3401 1160 3485 putavi:

308 3510 382 3574 Huc
405 3508 500 3575 modo
523 3509 598 3575 vela
624 3508 717 3585 dedi;
742 3529 832 3573 nunc
855 3507 1019 3573 montibus
1042 3508 1170 3574 abditus
1194 3510 1273 3587 istis,

307 3617 407 3682 Flens
430 3636 560 3683 mecum
584 3636 745 3681 enumero
769 3614 928 3681 transacti
953 3617 1110 3701 temporis
1134 3636 1248 3682 annos.

307 3723 494 3809 Insequitur
518 3730 629 3789 tamen
652 3723 708 3787 iila
734 3722 866 3802 iterum,
893 3729 926 3787 et
949 3744 1008 3787 sua
1033 3723 1108 3788 iura
1133 3731 1244 3790 retent
1266 3731 1290 3803 t,
1387 3739 1389 3743 ‘

310 3831 404 3896 Nunc
429 3829 595 3915 vigilantis
620 3829 712 3895 adest
735 3828 848 3910 oculis,
873 3850 962 3895 nunc
986 3829 1096 3895 fronte
1121 3831 1240 3896 minaci

199 3937 262 4002 130
309 3937 498 4003 instabilem
520 3956 607 4001 vanc
632 3935 870 4023 ludit-terrore
895 3955 1058 4021 soporem.

308 4045 412 4129 Saepe
437 4044 536 4110 etiam
560 4042 697 4130 (mirum
721 4041 833 4122 diunt,
858 4048 910 4107 ter
937 4042 1048 4107 limine
1072 4042 1194 4120 clausu,
1243 4096 1247 4102 .

311 4152 468 4235 irrumpit
493 4151 651 4216 thalamos
675 4149 782 4214 media
806 4150 867 4214 sub
892 4156 997 4229 nocte,
1024 4171 1200 4235 reposcens

309 4256 508 4342 Mancipium
532 4276 650 4322 secura
675 4276 788 4320 suum:
816 4254 893 4319 mihi
917 4256 1066 4321 membra
1091 4257 1208 4342 gelari,

306 4364 349 4428 Et
371 4362 592 4430 circumfusus
615 4364 722 4430 subito
746 4382 953 4428 concurrere
977 4363 1111 4448 sanguis

198 4470 262 4537 135
308 4470 468 4537 Omnibus
491 4490 534 4535 ex
558 4471 651 4536 venis
674 4470 843 4536 tutandam
869 4470 977 4535 cordis
1001 4471 1043 4535 ad
1066 4491 1189 4537 arcem.
1281 4546 1284 4549 Α

310 4577 380 4644 Nec
405 4576 539 4643 dubium
562 4576 662 4663 siquis
685 4575 869 4643 radiantem
891 4576 978 4643 forte
1000 4577 1174 4644 lucernam
1232 4621 1237 4627 ·
1329 4625 1331 4628 ψ
