3284 5750
500 716 669 764 nrrsrunm
696 718 740 763 nn
762 718 869 765 nanus
893 718 1129 764 ruuinruamus
1393 698 1457 764 163

259 893 376 979 procul
399 894 502 976 ltalia,
526 895 581 960 vel
604 901 672 962 tam
696 916 797 981 prope
821 901 907 962 esset
930 894 1060 960 Avidio.
1090 894 1173 971 Quid
1196 894 1285 960 enim
1309 894 1458 960 dissimu-

259 1002 326 1067 lem
348 1002 515 1088 geminam
538 1002 637 1067 animi
655 1002 849 1068 mollitiem?
877 1002 967 1068 Illius
992 1023 1043 1068 me
1060 1022 1154 1068 amor
1179 1003 1300 1068 mulcet
1323 1022 1363 1075 ac
1385 1002 1457 1067 vel·
1562 1065 1566 1072 ,

260 1108 347 1186 licat,
372 1108 467 1173 huius
493 1128 545 1174 me
568 1108 678 1174 odium
702 1109 817 1195 pungit
841 1116 873 1175 et
897 1114 1040 1194 asperat,
1070 1109 1217 1194 odorque
1242 1107 1457 1193 gravissimus
1547 1147 1559 1168 -.

259 1217 318 1282 toti
341 1216 463 1282 mundo
499 1216 644 1301 pestifer,
669 1216 745 1302 quid
781 1218 902 1281 mirum
927 1216 952 1281 si
978 1216 1011 1281 in
1035 1216 1202 1282 vicinitate
1238 1216 1337 1281 nimia
1360 1216 1456 1281 unius
1560 1237 1565 1302 j

191 1323 213 1388 5
260 1322 354 1408 parri
381 1323 471 1388 ruris
493 1323 671 1389 innocuam
694 1323 807 1408 polluit
836 1324 1039 1408 puritatem?
1069 1324 1128 1389 llle
1152 1344 1205 1389 me
1234 1322 1311 1389 hinc
1335 1321 1455 1407 pellet:
1562 1307 1565 1312 ¹

260 1430 366 1495 sentio
381 1429 470 1495 enim
493 1436 613 1496 statum
628 1429 762 1496 interim
778 1437 899 1496 meum.
918 1431 1015 1509 Vide,
1034 1431 1113 1496 nihil
1130 1430 1282 1517 estquod
1300 1436 1453 1507 metuam,
1557 1483 1566 1520 3

261 1536 323 1602 nisi
346 1536 488 1603 reditum
510 1536 550 1602 ad
574 1537 683 1603 urbes.
708 1537 795 1603 Vale
804 1534 836 1603 ²⁵.
1105 1532 1107 1536 ’

253 1941 257 1946 ·
348 1920 533 1975 Franclscu's
551 1918 700 1974 Potrurce
713 1918 856 1973 ‘dohannl
876 1918 912 1972 de
933 1917 1077 1973 cartaldo
1098 1918 1129 1974 S.
1150 1919 1185 1974 P.
1207 1920 1243 1973 Ι).
1255 1918 1278 1953 2⁶

351 2170 453 2236 Multa
468 2175 544 2235 sunt
560 2169 592 2234 in
605 2169 724 2235 litteris
736 2168 798 2236 tuis
811 2168 1065 2254 haudquaquam
1077 2169 1299 2253 responsionis
1311 2169 1454 2256 egentia,

260 2283 297 2343 ut
320 2297 403 2362 quae
427 2276 558 2363 singula
586 2296 692 2362 nuper
718 2276 793 2341 vira
821 2276 1158 2360 voce-transegimus.
1188 2277 1258 2342 Duo
1287 2297 1331 2342 ex
1354 2277 1457 2343 omni·
1562 2285 1566 2294 '

175 2386 213 2451 10
259 2386 321 2450 bus
345 2404 411 2450 non
435 2383 679 2469 praetereunda
703 2383 842 2469 seposui.
873 2382 923 2448 Ad
947 2384 1030 2449 haec
1052 2383 1201 2448 breviter
1231 2404 1315 2469 quae
1339 2405 1375 2450 se
1399 2385 1455 2450 ob-

258 2492 407 2576 tulerint,
425 2491 717 2568 dicamPrimum
733 2511 815 2576 ergo
831 2497 864 2556 te
884 2490 964 2554 mihi
981 2510 1131 2570 excusas,
1149 2489 1244 2576 idque
1269 2510 1333 2555 non
1350 2491 1453 2557 otiose

258 2597 345 2684 quod
368 2598 402 2662 in
425 2597 635 2663 conterranei
672 2596 775 2662 nostri
800 2595 967 2682 popularis
1003 2596 1135 2681 quidem
1163 2597 1248 2681 quod
1284 2596 1324 2662 ad
1349 2596 1458 2663 stilum

259 2705 385 2781 attinet,
410 2704 495 2789 quod
519 2704 559 2769 ad
584 2723 656 2768 rem
680 2702 886 2768 hauddubie
910 2701 1036 2783 nobilis,
1058 2709 1174 2787 poetae
1198 2702 1350 2768 laudibus
1373 2685 1457 2769 mul-

258 2820 311 2878 tus
336 2812 436 2878 fuisse
460 2811 603 2877 videare.
640 2811 746 2897 Atque
770 2810 814 2877 ita
852 2815 885 2877 te
909 2830 1042 2896 purgas,
1067 2810 1156 2895 quasi
1193 2830 1254 2897 ogo
1278 2811 1333 2877 vel
1367 2811 1453 2877 illius

175 2921 212 2985 15
258 2921 313 2986 vel
337 2920 528 3005 cuiusquam
553 2918 665 2984 laudes
690 2938 782 2983 meae
806 2918 911 2983 laudis
935 2918 1168 2984 detrimentum
1192 2925 1313 3003 putem.
1339 2921 1453 3004 ltaque
1507 2970 1510 2974 .
1556 2967 1560 2975 -

258 3026 412 3113 quidquid
430 3026 470 3092 de
493 3026 549 3091 illo
564 3025 741 3111 praedicas,
765 3032 871 3091 totum
888 3025 912 3089 si
931 3026 1072 3110 pressius
1096 3025 1281 3117 inspiciam,
1294 3027 1328 3090 in
1344 3047 1454 3092 meam

260 3133 401 3218 gloriam
426 3132 512 3199 verti
535 3133 592 3197 ais.
618 3132 738 3196 luseris
763 3125 955 3196 nominatim
978 3132 1065 3197 hanc
1087 3132 1185 3196 huius
1214 3131 1310 3197 officii
1337 3132 1381 3198 tui
1398 3153 1457 3198 ex-

258 3240 470 3315 cusationem,
495 3239 581 3324 quod
605 3238 659 3304 ille
683 3238 740 3303 tibi
764 3237 1007 3303 adolescentulo
1033 3238 1158 3323 primus
1183 3237 1366 3304 studiorum
1390 3239 1456 3304 dux

181 3348 185 3355 ’
260 3353 293 3413 et
315 3347 422 3432 prima
457 3347 514 3410 fax
537 3345 647 3411 fuerit.
684 3346 773 3411 Iuste
796 3345 937 3430 quidem,
974 3352 1079 3430 grate,
1105 3346 1309 3423 memoriter,
1349 3352 1392 3423 et,
1421 3352 1457 3411 ut
1523 3416 1526 3420 ,

175 3455 212 3521 30
259 3454 393 3539 proprie
417 3453 533 3529 dicam,
569 3452 629 3537 pie.
655 3453 688 3517 Si
721 3452 809 3516 enim
834 3452 1038 3536 genitoribus
1062 3472 1240 3537 corporum
1264 3459 1456 3520 nostrorum

258 3560 387 3642 omnia,
403 3559 429 3625 si
453 3560 666 3625 fortunarum
689 3559 879 3624 auctoribus
898 3559 997 3624 multa
1021 3559 1189 3641 debemus,
1214 3559 1292 3645 quid
1316 3580 1382 3625 non
1405 3546 1454 3624 in·
1556 3542 1561 3547 ¹

259 3668 435 3754 geniorum
449 3667 649 3752 ,parentibus
673 3688 712 3733 ac
728 3667 965 3732 formatoribus
991 3667 1187 3732 debeamus?
1212 3669 1342 3742 Quanto
1366 3666 1455 3733 enim

260 3775 377 3841 melius
394 3775 434 3840 de
458 3774 550 3839 nobis
586 3773 694 3840 meriti
729 3774 794 3839 sint
828 3773 882 3858 qui
918 3774 1064 3838 animum
1090 3780 1240 3840 nostrum
1263 3774 1456 3856 excoluere,

259 3902 360 3966 quam
400 3880 455 3966 qui
490 3900 627 3965 corpus,
663 3879 809 3966 quisquis
845 3879 976 3964 utrique
1015 3879 1138 3946 iustum
1171 3880 1316 3964 pretium
1352 3880 1455 3965 ponit,
1499 3893 1502 3900 '

193 3989 211 4014 ³
259 3987 438 4073 intelliget,
467 3992 501 4052 et
524 3986 667 4052 alterum
695 3987 881 4052 immortale
910 4007 1044 4062 munus,
1069 3987 1212 4053 alterum
1240 3987 1398 4052 caducum
1422 3993 1456 4054 et

260 4094 401 4161 mortale
435 4094 603 4161 fatebitur.
639 4094 713 4178 Age
740 4114 839 4179 ergo,
864 4114 930 4160 non
962 4087 1104 4178 patiente
1139 4093 1196 4159 sed
1231 4094 1364 4160 favente
1389 4115 1453 4173 me,

259 4202 350 4268 illam
373 4201 497 4288 ingenii
532 4201 579 4267 tui
603 4201 720 4278 facem,
756 4220 839 4286 quae
874 4200 931 4267 tibi
967 4199 1000 4264 in
1024 4201 1086 4265 hoc
1121 4200 1204 4266 calle
1227 4220 1291 4285 quo
1327 4202 1455 4288 magnis
1517 4279 1518 4282 Ἴ

259 4309 407 4394 passibus
442 4309 483 4374 ad
518 4307 738 4374 clarissimum
773 4307 874 4373 finem
908 4308 1026 4393 pergis,
1064 4307 1221 4373 ardorem
1243 4306 1394 4393 praebuit
1417 4329 1456 4375 ac

259 4416 376 4498 lucem,
400 4416 533 4482 celebra
548 4421 581 4481 et
604 4416 686 4495 cole,
700 4415 909 4500 ventosisque
928 4414 982 4481 diu
999 4414 1091 4501 vulgi
1109 4414 1274 4499 plausibus
1289 4415 1454 4502 agitatam,

175 4524 212 4590 30
261 4530 360 4608 atque
395 4529 430 4590 ut
460 4523 506 4589 sic
541 4523 684 4589 dixerim
711 4523 890 4609 fatigatam,
915 4522 1049 4588 tandem
1083 4522 1191 4601 reris,
1223 4529 1320 4608 teque
1355 4543 1455 4608 seque

257 4630 364 4717 dignis
387 4630 538 4697 laudibus
573 4630 613 4696 ad
637 4632 763 4696 caelum
786 4630 860 4706 ier;
889 4630 923 4695 in
958 4629 1073 4715 quibus
1111 4630 1221 4695 omnia
1244 4630 1453 4715 placuerunt.

259 4737 343 4806 Nam
367 4744 401 4803 et
434 4737 489 4803 ille
512 4737 632 4826 dignus
668 4737 731 4804 hoc
754 4736 940 4826 praeconio,
965 4742 998 4803 et
1028 4743 1071 4814 tu,
1098 4742 1133 4805 ut
1156 4735 1213 4813 ais,
1238 4735 1316 4801 huic
1349 4733 1456 4802 officio
