3284 5750
1069 456 1109 464 -w-

138 514 202 594 1'08
586 533 772 594 inlucesce
799 540 972 592 rurenses
983 508 1008 520 f

204 725 279 791 Oce.
304 762 348 776 -
371 725 441 807 Ille,
458 731 494 791 ut
517 725 558 790 ad
582 731 746 810 potentum
772 725 915 810 superba
938 723 1057 809 palatia
1083 723 1154 789 sive
1179 722 1220 788 ad
1245 721 1400 790 formidata

270 832 414 899 iudicum
450 832 604 898 subsellia
639 840 775 898 ventum
799 838 859 914 est,
884 831 974 897 veris
1008 831 1091 896 falsa
1126 830 1339 917 permiscens,
1358 837 1402 895 aut

270 940 426 1007 iustitiam
449 941 568 1027 premit
591 939 738 1021 insontis,
762 946 817 1005 aut
843 939 989 1006 nocentis
1026 939 1075 1004 rei
1111 939 1215 1023 pascit
1239 938 1402 1018 audaciam,

271 1053 328 1114 aut
351 1068 487 1133 prorsus
511 1047 632 1133 aliquid
657 1047 710 1112 vel
735 1047 766 1111 in
792 1047 963 1132 proprium
979 1046 1128 1129 dedecus,
1150 1046 1204 1111 vel
1229 1046 1263 1110 in
1281 1045 1405 1112 alienam

272 1155 450 1240 perniciem
474 1155 616 1236 molitur,
635 1154 806 1220 mordente
825 1153 969 1218 animuin
986 1153 1195 1234 conscientia,
1216 1173 1316 1238 saepe
1331 1160 1406 1218 melu
1428 1181 1431 1191 ·

272 1262 371 1327 etiam
395 1262 500 1328 verba
524 1268 705 1346 rumpente,
730 1266 763 1326 et
786 1280 884 1345 saepe
909 1280 991 1325 vera
1013 1281 1074 1346 pro
1099 1260 1298 1338 mendaciis,
1319 1261 1408 1326 verba

273 1389 333 1454 pro
347 1368 458 1435 verbis
474 1369 636 1445 referens,
651 1368 832 1453 plenusque
846 1369 977 1433 ruboris
993 1388 1032 1433 ao
1049 1367 1193 1454 palloris,
1210 1388 1313 1452 seque
1330 1368 1410 1433 vicis

274 1468 337 1541 sim
357 1474 567 1560 increpitans,
584 1475 667 1561 quod
685 1495 750 1540 non
767 1474 872 1559 potius
896 1474 1016 1540 deserti
1042 1474 1165 1540 famem
1185 1495 1287 1558 quam
1310 1473 1409 1538 diserti
1456 1556 1458 1561 Ι

275 1583 396 1648 tamam
420 1581 654 1667 concupiverit,
679 1587 712 1647 et
739 1588 852 1646 arator
883 1602 979 1665 quam
1018 1588 1131 1647 orator
1161 1601 1236 1648 esse
1262 1581 1412 1646 maluerit.
1459 1604 1462 1633 ³

143 1690 186 1754 10
278 1689 418 1773 Raptim,
435 1688 556 1754 infecto
572 1687 714 1773 negotio,
733 1687 865 1753 domum
882 1687 975 1764 redit,
993 1693 1026 1753 et
1041 1688 1189 1772 turpibus
1206 1689 1344 1754 latebris
1359 1708 1415 1753 non

276 1796 381 1881 magis
405 1795 547 1862 hostium
570 1815 668 1881 quam
692 1795 848 1860 clientum
872 1815 1007 1861 suorum
1022 1815 1058 1861 se
1076 1795 1207 1861 iuratur
1232 1796 1415 1881 aspectibus.

209 1921 282 1988 Son.
307 1958 350 1971 -
374 1922 437 1986 lste
467 1919 521 1984 ubi
552 1919 694 2005 primum
729 1918 870 1985 floreum
899 1919 1011 1996 sedile,
1042 1920 1277 2006 salubremque
1313 1928 1419 1988 nactus

276 2028 393 2095 collem
417 2027 569 2109 constitit,
593 2026 709 2092 iubare
733 2027 861 2112 iamque
885 2027 962 2093 solis
985 2034 1120 2110 exorto,
1145 2028 1178 2092 iu
1203 2029 1343 2095 diurnas
1369 2028 1421 2094 Dei

276 2135 397 2216 laudes,
423 2135 474 2219 pio
500 2134 605 2199 laetus
629 2154 688 2200 ore
711 2154 941 2220 prorumpens
966 2155 1071 2220 eoque
1095 2136 1229 2200 suavius
1253 2137 1280 2200 si
1298 2134 1431 2202 devotis

279 2243 366 2309 sorte
389 2241 535 2328 suspiriis
556 2241 629 2307 lene
653 2262 816 2323 murmur,
842 2242 936 2328 proni
953 2243 1093 2328 gurgitis
1110 2250 1167 2308 aut
1183 2243 1297 2309 dulces
1316 2245 1425 2309 avium

276 2349 472 2417 concinnant
496 2349 660 2433 querelae,
685 2349 906 2415 innocentiam
929 2350 963 2413 in
987 2349 1109 2435 primis,
1140 2350 1275 2435 linguae
1294 2351 1427 2416 frenum

278 2457 342 2523 litis
366 2457 520 2534 nescium,
546 2456 636 2521 visus
660 2463 793 2539 tegmen
817 2456 1015 2523 vanitatibus
1046 2456 1220 2539 obiectum,
1251 2459 1427 2542 puritatem

278 2563 395 2645 cordis,
409 2563 585 2629 vecordiae
603 2563 784 2629 absentiam
801 2571 833 2628 et
849 2563 1053 2629 domitricem
1070 2565 1179 2630 caruis
1196 2565 1431 2631 abstinentiam

277 2671 485 2755 deprecatur.
510 2671 579 2736 Nec
601 2670 704 2735 multo
728 2677 799 2755 post
822 2671 928 2736 tertiis
945 2671 977 2734 in
994 2670 1142 2736 laudibus
1166 2672 1303 2738 tertiam
1320 2672 1354 2736 in
1374 2673 1430 2738 tri-

280 2778 381 2844 nitate
399 2797 572 2862 personam
585 2785 767 2844 veneratur
790 2784 823 2844 et
838 2777 948 2844 Sancti
965 2777 1104 2863 Spiritus
1121 2778 1224 2864 poscit
1239 2779 1430 2861 adventum,

278 2878 424 2970 linguam
439 2905 569 2970 quoque
586 2891 619 2950 et
628 2892 771 2950 mentem
784 2885 989 2951 confessione
1006 2892 1242 2971 personantem
1255 2886 1430 2954 salutifera

278 2998 311 3058 et
323 2992 493 3058 caritatem
507 2991 629 3058 caelico
641 2992 718 3077 igne
731 2990 954 3058 flammantem
967 3013 1005 3058 ac
1017 2993 1185 3077 proximos
1197 3013 1430 3067 accensurum,

280 3102 372 3176 Quae
396 3100 423 3164 si
446 3100 564 3165 devote
588 3099 738 3185 postulat,
763 3099 828 3164 iam
852 3106 902 3166 est
924 3100 1063 3166 multum
1079 3101 1142 3166 hoc
1158 3100 1277 3167 mentis
1294 3102 1429 3184 ardore,

278 3227 376 3292 quam
400 3205 544 3291 quolibet
567 3207 641 3271 auri
665 3226 723 3271 seu
750 3226 958 3292 gemmarum
981 3206 1155 3292 splendore
1180 3207 1326 3285 felicior;
1357 3209 1432 3274 inde

278 3319 388 3379 autem
412 3313 610 3398 pedetentim
642 3333 699 3378 sua
735 3314 890 3399 relegens
930 3313 1079 3398 vestigia,
1107 3314 1286 3381 scandente
1310 3315 1376 3381 iam
1400 3316 1431 3379 in

278 3419 380 3486 altum
405 3413 480 3486 solis
505 3420 607 3499 radio,
633 3421 678 3485 nil
702 3422 807 3506 potius
838 3442 937 3506 quam
959 3422 1106 3507 extingui
1134 3420 1283 3488 flammas
1316 3423 1431 3503 litium,

277 3550 357 3613 quas
381 3527 532 3594 certatim
547 3516 628 3594 flatu
654 3536 686 3594 et
709 3529 862 3595 fomentis
879 3531 964 3596 alter
977 3530 1112 3596 suscitat
1124 3536 1157 3595 et
1169 3550 1232 3615 quo
1245 3530 1302 3597 ille
1319 3532 1432 3616 cupide

279 3636 458 3722 peruritur,
483 3636 536 3701 hic
560 3656 691 3702 omnem
723 3637 887 3702 malarum
916 3636 1103 3724 cupidinum
1127 3637 1272 3703 calorem
1296 3639 1431 3705 noxium

279 3743 407 3808 auferri
442 3742 577 3829 flagitat.
613 3744 758 3830 Denique
782 3745 868 3830 quod
905 3766 1007 3811 unum
1042 3751 1137 3830 poeta
1172 3745 1328 3812 satiricus
1363 3747 1432 3811 sine

146 3841 190 3907 30
281 3841 429 3926 periculo
464 3843 553 3929 posci
577 3843 679 3921 docet,
705 3844 738 3907 in
762 3863 903 3930 corpore
926 3864 1005 3909 sano
1030 3850 1174 3920 mentem
1198 3864 1325 3922 sanam,
1351 3851 1432 3911 orat.

556 4076 725 4153 urano
756 4053 1024 4153 succubo.
1079 4097 1084 4113 κ

145 4268 230 4324 Nella
251 4271 280 4324 la
298 4267 420 4324 Sezione
447 4268 469 4323 il
488 4271 627 4326 Petrarca
646 4270 764 4328 ricorde
784 4270 793 4325 i
813 4270 903 4327 Padri
928 4272 981 4327 che
1002 4270 1101 4327 fecero
1120 4285 1183 4327 una
1202 4271 1268 4327 vita
1287 4271 1434 4337 solitaria,

217 4350 254 4406 da
273 4349 354 4405 Mose
374 4350 410 4405 ad
430 4351 567 4418 arsenio,
584 4366 601 4406 a
620 4352 719 4417 paolo,
736 4352 773 4407 ad
793 4351 925 4407 Antonio
938 4352 1049 4420 (Scotto
1063 4353 1081 4405 I
1079 4354 1106 4420 );
1125 4350 1233 4421 quindi
1255 4357 1338 4407 tocca
1357 4352 1436 4408 della

219 4430 384 4486 solitudine
403 4430 433 4485 di
452 4430 576 4498 Adane,
596 4431 627 4486 di
646 4430 786 4498 Abramo‚
807 4431 930 4500 diseas,
951 4431 982 4487 di
1000 4430 1156 4499 Giacobbe,
1177 4431 1207 4487 di
1226 4430 1320 4499 Mose,
1340 4431 1436 4487 d'Elia

218 4526 235 4567 e
254 4511 285 4567 di
306 4511 445 4566 Geremia
465 4510 576 4579 (Scotto
590 4512 648 4579 ΙΙ).
661 4512 751 4567 Passa
769 4512 818 4582 poi
838 4527 856 4567 a
873 4526 950 4582 papa
969 4511 1125 4580 Silvestre,
1145 4511 1437 4579 aSant’Ambrogio‚

132 4608 134 4612 ’
219 4606 236 4649 a
255 4593 282 4649 S.
296 4591 437 4659 Martiae,
461 4605 478 4647 a
496 4590 737 4661 sant’ngoscino,
757 4591 1032 4661 assereremus
1050 4592 1078 4648 S.
1094 4593 1260 4648 Francesco
1279 4592 1317 4648 da
1336 4593 1437 4661 Paola‚
