3284 5750
589 736 632 783 nn
655 737 735 785 viru
759 738 930 785 sommum
1334 719 1399 788 113

202 916 342 993 vicinae,
360 921 393 982 et
408 914 485 981 huic
501 915 675 1001 persimilis
693 916 903 993 mentionem
919 916 1117 1002 Arimpheos
1136 923 1263 996 vocant,
1282 918 1400 1003 quibus

203 1024 296 1088 sedes
331 1042 482 1100 nemora,
506 1022 663 1088 alimenta
697 1022 762 1088 sint
784 1024 919 1099 baccae;
944 1045 1017 1089 eam
1041 1029 1175 1110 gentem
1209 1023 1331 1090 seriam
1366 1030 1400 1090 et

203 1130 397 1197 elementem
421 1130 545 1206 dicunt;
570 1130 721 1196 habitare
755 1136 867 1196 autem
900 1130 955 1195 ubi
978 1131 1204 1217 Riphaeerum
1240 1132 1399 1197 montium

202 1238 280 1323 iuga
305 1236 476 1319 definiunt,
501 1243 633 1323 gentem
667 1258 797 1302 sacram
819 1238 951 1314 haberi,
976 1237 1069 1303 cuius
1092 1239 1272 1304 auctoritas
1302 1243 1393 1305 tanta

201 1346 252 1421 sit,
277 1351 313 1411 ut
336 1344 423 1409 inter
446 1350 493 1410 tot
516 1344 737 1410 ferocissimas
760 1344 919 1426 nationes,
944 1365 1011 1411 non
1034 1345 1093 1431 ipsi
1118 1346 1233 1423 selum,
1252 1345 1310 1411 sed
1327 1345 1399 1431 qui·

202 1471 343 1536 eumque
377 1450 417 1515 ad
441 1470 497 1516 ees
520 1451 744 1536 confugerint,
768 1451 858 1535 quasi
889 1452 928 1516 ad
952 1451 1112 1537 templum
1143 1451 1290 1537 aliquod,
1316 1452 1399 1518 salvi

202 1557 415 1642 inviolatique
438 1556 511 1623 sint.
534 1557 633 1642 ‘Apud
656 1558 715 1624 hes
738 1578 832 1623 oema
855 1560 1025 1642 probrum,
1046 1579 1144 1624 sexus
1168 1565 1309 1644 uterque
1326 1564 1399 1624 ten-

203 1665 309 1730 detur.
326 1664 474 1730 Hinc'ad
497 1684 650 1730 oceasum
673 1684 792 1730 versus
815 1670 949 1731 transeo
973 1664 1188 1751 Philosophus
1212 1665 1393 1743 Gallorum,
1475 1658 1479 1666 ’

202 1792 345 1857 quorum
368 1771 455 1838 inter
479 1771 657 1856 scriptores
680 1772 799 1838 crebra
825 1772 957 1838 mentio.
974 1772 1111 1837 Druidas
1136 1772 1261 1850 dixere,
1282 1771 1393 1839 solitos

202 1880 235 1944 in
259 1881 421 1965 specubus
445 1899 483 1945 ac
507 1878 641 1945 remotis
665 1879 698 1943 in
722 1878 857 1945 saltibus
881 1880 1002 1945 docere
1036 1878 1252 1946 nobilissimos
1276 1878 1394 1965 gentis,

201 1986 397 2074 sapientiam
426 1993 525 2072 atque
560 1986 747 2052 facundiam
782 1994 815 2053 et
843 1993 997 2053 naturam
1032 2006 1148 2052 rerum
1182 1992 1215 2052 et
1245 1985 1394 2052 siderum

202 2103 309 2162 motus
336 2087 378 2161 'et
411 2096 553 2160 Deorum
591 2115 713 2160 aroana
749 2102 780 2160 et
815 2094 1096 2160 immortalitatem
1133 2095 1321 2159 animarum
1359 2100 1392 2161 et

202 2202 340 2269 alterius
355 2190 444 2269 ritae
460 2208 589 2267 statum.
615 2203 761 2267 Transeo
778 2200 936 2287 Thylen¹⁹
952 2209 985 2268 et
1003 2200 1235 2284 Hiberniamw,
1253 2212 1395 2287 quarum

203 2311 309 2376 altera
332 2309 545 2376 scribentium
569 2309 731 2376 varietate
750 2308 975 2390 famosissima,
993 2308 1050 2373 sed
1073 2307 1185 2392 ignota
1205 2315 1267 2385 est;
1286 2309 1393 2375 altera

204 2436 285 2482 vero
310 2415 491 2497 notissima,
516 2416 609 2481 cuius
633 2423 765 2500 gentem
801 2436 917 2501 opum,
942 2435 1123 2499 rerumque
1147 2413 1291 2481 civilium
1316 2435 1395 2481 cen-

203 2522 407 2608 temptricem
431 2529 465 2588 et
486 2522 711 2607 agriculturae
734 2522 967 2608 negligentem,
984 2541 1106 2608 pascua
1128 2527 1161 2586 et
1184 2520 1284 2586 silvas
1308 2521 1399 2587 ince-

203 2630 273 2696 lere
297 2635 503 2715 compertum
538 2630 664 2706 heheu,
690 2629 741 2695 cui
767 2650 827 2714 pre
856 2628 978 2694 deliciis
1017 2627 1137 2705 etium,
1166 2648 1226 2713 pro
1261 2627 1398 2693 summis

202 2737 316 2821 epibus
332 2739 374 2802 sit
389 2737 533 2803 libertas.
550 2738 733 2803 Praetereo
748 2737 948 2802 Fortunatas
964 2734 1086 2801 insulas
1093 2733 1124 2812 ²²,
1141 2754 1227 2819 quae
1245 2740 1397 2801 extreme

201 2845 262 2909 sub
285 2843 463 2926 occidente,
483 2851 517 2911 ut
540 2845 632 2910 nobis
656 2851 689 2911 et
711 2843 888 2911 viciniores
912 2850 944 2910 et
967 2843 1122 2926 notiores,
1141 2842 1188 2910 sic
1211 2842 1308 2929 quam
1325 2842 1398 2910 lon·

202 2951 333 3036 gissime
356 2951 409 3016 vel
433 2953 474 3016 ab
492 2951 578 3015 Indis
601 2951 729 3027 absunt,
748 2951 800 3016 vel
825 2952 866 3015 ab
882 2951 996 3033 Arete,
1014 2957 1104 3016 terra
1130 2950 1320 3033 multorum,
1340 2952 1398 3017 sed

201 3058 234 3122 in
250 3056 364 3147 primis
379 3058 488 3124 Flacci
504 3057 611 3143 lyrico
639 3056 814 3123 carmine²²
830 3058 955 3138 nobilis,
984 3057 1076 3123 cuius
1100 3063 1291 3144 pervetusta
1310 3058 1398 3123 fama

201 3173 251 3230 est
268 3185 393 3230 recens.
410 3165 459 3231 Eo
476 3164 635 3250 siquidem
657 3171 690 3231 et
706 3172 837 3250 patrum
856 3165 1025 3247 memoria,
1040 3164 1252 3230 lanuensium
1268 3172 1397 3230 armata

202 3271 314 3336 classis
337 3271 522 3356 penetravit
556 3278 587 3337 et
614 3291 721 3355 nuper
746 3271 898 3337 Clemens
914 3271 963 3336 Vl
988 3270 1032 3335 illi
1057 3270 1184 3357 patriae
1213 3269 1398 3356 principem

202 3378 303 3458 dedit,
329 3397 427 3463 quem
451 3376 591 3443 vidimus
614 3379 836 3464 Hispanorum
871 3383 904 3444 et
932 3378 1105 3444 Gallorum
1140 3398 1259 3464 regum
1294 3377 1397 3445 mixto

202 3484 378 3570 sanguine,
403 3505 603 3571 generosum
638 3486 812 3570 quemdam
848 3486 967 3550 virum.
993 3487 1070 3568 Qui,
1095 3485 1271 3551 meministi
1294 3486 1395 3568 enim,

201 3593 278 3658 dum
302 3612 342 3658 eo
366 3592 417 3657 die
440 3612 561 3658 corona
587 3600 620 3659 et
636 3599 767 3678 seeptro
784 3614 844 3678 per
862 3595 979 3659 urbem
1001 3593 1197 3678 spectandus
1214 3592 1396 3682 incederet,

201 3703 339 3783 repente
362 3703 471 3764 tantus
495 3699 587 3765 caelo
611 3699 716 3764 imber
740 3697 875 3782 effluxit,
900 3707 997 3784 atque
1021 3699 1066 3765 ita
1092 3699 1222 3777 demum
1245 3698 1395 3764 madidus

203 3804 309 3886 rediit,
328 3812 362 3871 ut
379 3825 475 3870 omen
491 3812 578 3870 esset
595 3805 780 3871 incubuisse
796 3806 841 3870 illi
860 3827 941 3872 vere
964 3805 1116 3893 pluvialis
1136 3812 1235 3890 atque
1251 3824 1395 3889 aquosae

202 3911 329 3996 patriae
352 3911 584 3997 principatum;
609 3913 661 3978 cui
685 3913 815 3997 quidem
840 3914 874 3977 in
897 3912 1039 3979 dominio
1064 3919 1161 3979 extra
1186 3913 1302 3978 orbem
1322 3912 1394 3991 site,

203 4017 346 4103 qualiter
369 4019 565 4085 successerit
588 4039 654 4084 non
677 4019 769 4095 novi;
786 4019 853 4085 scie
877 4027 998 4100 tamen,
1016 4020 1118 4085 multa
1134 4018 1232 4086 scribi
1250 4026 1283 4085 et
1299 4018 1394 4101 ferri,

202 4131 338 4209 propter
362 4145 445 4210 quae
468 4145 534 4190 non
566 4125 661 4210 plene
695 4126 958 4191 Fortunatarum
992 4124 1177 4210 cegnemiui
1212 4129 1395 4203 terrarum,
1487 4181 1490 4185 .

203 4230 335 4296 fortuna
358 4231 541 4297 conveniat.
567 4231 721 4297 Ceterum
755 4238 887 4318 gentem
910 4232 1010 4310 illam,
1035 4252 1117 4317 prae
1141 4231 1266 4298 cunctis
1290 4232 1396 4297 ferme

203 4337 405 4418 mortalibus,
418 4337 591 4404 solitudine
606 4339 763 4423 gaudere,
778 4340 925 4403 meribus
941 4346 1050 4405 tamen
1063 4337 1230 4416 incultam,
1244 4339 1393 4423 adeoque

204 4463 269 4508 nen
293 4443 475 4510 absimilem
498 4437 623 4522 belluis,
648 4451 684 4511 ut
712 4452 854 4512 naturae
878 4445 982 4532 magis
1005 4445 1170 4524 instinctu,
1188 4466 1288 4531 quam
1311 4444 1398 4512 eleo

202 4551 291 4617 tione
314 4551 362 4617 sic
384 4556 548 4635 agentem,
572 4560 731 4618 nontam
763 4552 908 4619 solitarie
943 4553 1073 4631 vivere,
1097 4574 1197 4638 quam
1225 4552 1261 4618 in
1283 4552 1397 4618 solitu·

205 4657 333 4723 dinibus
357 4678 494 4740 errare,
518 4680 577 4724 seu
602 4681 676 4725 cum
701 4660 800 4741 feris,
825 4680 883 4725 seu
907 4681 982 4727 cum
1006 4659 1164 4747 gregibus
1198 4660 1265 4725 suis
1296 4659 1395 4726 dieas.

203 4764 266 4830 Sed
297 4764 363 4830 iam
388 4766 465 4831 satis
488 4766 676 4833 curiositate
699 4767 770 4848 bac,
795 4767 893 4853 lenge
916 4767 1047 4852 lateque
1082 4765 1257 4834 disiunctos
1283 4765 1398 4830 mundi

191 4921 207 4967 8
219 4940 247 4956 -
260 4898 332 4978 open
344 4920 427 4976 utine
438 4922 465 4968 di
474 4927 502 4971 F.
508 4927 628 4971 petrarca.
719 4983 722 4987 Ι
