3284 5750
194 530 236 595 51
639 549 824 597 1111101000
859 547 1029 596 1111111101

283 727 376 794 Unde
399 726 493 792 simul
518 727 651 794 vibrant
673 748 773 792 unum
797 727 860 792 duo
884 726 1006 791 lumina
1030 725 1165 805 fulmen,

217 833 260 898 50
284 831 376 909 Quod
399 833 505 897 nullus
529 831 670 899 sufferre
692 839 809 918 queat;
835 852 929 898 coma
953 832 1052 897 densa
1076 851 1135 916 per
1159 849 1273 896 armos

283 938 439 1005 Protinus
463 939 504 1004 ad
527 940 629 1005 solem
652 939 760 1005 ventis
782 939 976 1006 ferientibus
999 959 1117 1004 aurum

283 1045 435 1131 Explicat
457 1046 632 1131 impexum,
656 1046 808 1132 quoniam
833 1047 995 1132 cassisque
1018 1046 1198 1130 madorque

282 1151 325 1216 Et
348 1150 442 1216 labor
465 1150 611 1216 assiduus
635 1151 809 1237 prohibent
832 1153 1022 1239 animusque
1046 1152 1192 1218 modesto

284 1256 465 1323 Contentus
489 1257 674 1342 cultumque
697 1256 815 1323 timens
838 1259 981 1325 transire
1005 1259 1146 1325 virilem.

215 1362 259 1428 55
282 1363 410 1430 Celsior
433 1371 482 1429 est
504 1363 585 1445 aliis,
610 1362 821 1450 quotiensque
845 1365 885 1431 ad
909 1366 1036 1451 proelia
1059 1373 1196 1432 ventum
1219 1372 1279 1448 est,

284 1472 382 1557 Spem
405 1471 518 1557 procul
542 1470 609 1556 ipse
632 1458 697 1536 suis
721 1472 848 1536 sublimi
874 1473 1000 1539 vertice
1023 1479 1180 1558 praestat,

286 1580 407 1644 Terret
430 1585 462 1644 et
485 1578 618 1644 hostiles
642 1577 750 1655 acies;
775 1600 866 1665 spem
888 1578 1006 1665 quippe
1030 1586 1217 1664 metumque

285 1686 344 1751 Ille
368 1686 467 1752 habet
490 1694 648 1771 aspectus.

284 1793 434 1859 Pectoris
458 1800 517 1875 est,
541 1794 671 1879 qualem
694 1793 774 1880 petit
797 1793 913 1881 ingens
938 1792 1079 1879 spiritus,
1104 1792 1189 1858 aula.

219 1901 263 1964 60
288 1900 407 1966 Cetera
430 1900 650 1977 conveniunt;
675 1902 830 1967 humeros
854 1907 887 1967 et
910 1899 1046 1967 brachia
1068 1919 1187 1966 cernas

286 2007 397 2074 Militis
421 2006 575 2086 altifici⁰⁴;
600 2007 676 2074 licet
698 2009 786 2075 inter
810 2007 912 2073 millia
935 2008 1023 2073 mille
1069 2053 1073 2059 ·

289 2115 424 2180 Videris
446 2116 543 2194 hunc,
569 2136 686 2182 verum
710 2115 820 2181 valeas
844 2135 1027 2202 agnoscere
1050 2134 1175 2200 regem,

287 2222 351 2288 lete
375 2221 473 2289 decor
497 2222 614 2288 nimius
638 2223 755 2289 multos
778 2222 946 2308 trepidare
969 2221 1086 2308 coegit,

289 2330 561 2416 Immemoresque
584 2330 633 2395 sui
656 2329 759 2396 tenuit
782 2329 952 2395 dulcedine
974 2327 1113 2413 quadam

219 2434 264 2499 65
288 2434 421 2501 Insolita
444 2436 619 2522 tacitosque
644 2436 697 2501 diu
720 2442 938 2521 conceptaque
962 2436 1064 2501 verba

185 2526 188 2530 “
286 2542 424 2620 Distulit,
449 2542 590 2608 11111110
614 2541 746 2609 deflexit
769 2543 852 2609 calle
876 2543 1052 2628 loquentes.

285 2649 438 2714 Pulcrior
462 2655 512 2715 est
535 2649 655 2715 etenim
677 2650 807 2715 mortali
832 2669 972 2735 corpore
996 2649 1093 2735 longe

286 2757 392 2840 Atque
416 2755 580 2821 hominem
602 2776 725 2841 supra3
750 2756 807 2821 vix
830 2755 922 2820 illum
944 2755 1085 2842 fulgidus
1108 2759 1226 2840 aequat

287 2862 439 2949 luppiter,
463 2869 518 2929 aut
541 2884 623 2950 puro
648 2863 856 2949 pharetratus
879 2862 913 2928 in
936 2863 1070 2929 aethere
1093 2863 1256 2929 Phoebus.

220 2969 264 3034 70
287 2971 352 3035 Ista
375 2976 494 3047 tamen,
519 2970 590 3055 quia
616 2990 719 3055 parva
744 2970 825 3035 viris
848 2968 1095 3055 spernendaque
1118 2969 1246 3035 formae

288 3076 466 3143 Commoda
489 3083 573 3159 sunt,
597 3076 686 3143 sileo.
710 3076 831 3143 Vultus
854 3076 994 3143 fortasse
1018 3095 1152 3142 serenos

286 3184 358 3269 Ipse
381 3203 455 3249 suos
478 3204 604 3261 cernes,
628 3184 780 3268 verisque
802 3182 932 3249 minora
955 3183 1097 3249 locutum

287 3290 340 3355 Me
363 3290 469 3356 dices:
495 3291 590 3358 datur
615 3291 697 3356 haec
719 3289 765 3354 illi
789 3310 867 3355 nam
890 3288 996 3376 gloria
1016 3289 1101 3366 'soli3

287 3397 476 3463 Nominibus
499 3399 573 3484 quia
596 3420 694 3484 quum
716 3403 834 3465 noceat
850 3396 1034 3483 praesentia
1057 3393 1222 3483 magnisffi,

94 3503 97 3508 '
220 3504 264 3569 75
287 3505 382 3571 Hunc
404 3527 501 3592 super
525 3506 652 3573 attollit.
678 3506 774 3572 Cuius
798 3505 824 3571 si
849 3505 1017 3591 quaeritur
1040 3511 1140 3586 aetas,

287 3611 439 3678 Nondum
463 3616 515 3678 101
539 3611 669 3689 denum,
694 3612 811 3694 fateor,
837 3610 990 3697 pervenit
1012 3610 1053 3676 ad
1078 3631 1212 3675 annum.

288 3718 403 3786 Omnis
426 3719 460 3785 in
484 3740 623 3786 ascensu
647 3725 697 3785 est
721 3738 876 3785 crescens
899 3739 975 3785 cum
998 3724 1147 3804 tempore
1172 3716 1290 3783 virtus.

288 3827 357 3892 lam
381 3848 441 3893 sua
463 3848 553 3893 nunc
576 3826 708 3892 senibus
733 3826 882 3913 gravitas
905 3825 1061 3892 imitanda
1084 3825 1223 3903 0010110,

288 3934 398 4019 Atque
421 3934 583 4001 iuventuti
607 3935 724 4000 levitas
748 3933 888 4020 optanda
915 3952 1055 3999 serenae
1079 3938 1138 3999 est.

221 4040 266 4105 80
288 4040 443 4106 Hostibus
467 4041 616 4127 asperius
639 4037 719 4106 nihil
743 4048 802 4122 est,
827 4040 873 4106 nil
897 4040 1024 4106 dulcius
1048 4038 1134 4106 inter

208 4210 211 4214 ,
288 4147 454 4213 Carorum
476 4145 630 4213 affectus:
656 4148 727 4213 sive
749 4147 843 4212 illum
868 4146 934 4212 tela
958 4155 1155 4224 moventem,

289 4254 366 4320 Sive
388 4254 490 4320 armis
514 4254 624 4340 positis
647 4254 758 4320 vultus
782 4252 942 4339 spectabis
966 4258 1107 4338 apertos,

289 4360 374 4437 Quid
397 4360 503 4447 potius
527 4362 651 4443 deceat,
676 4361 813 4427 dubites.
838 4361 935 4426 Hunc
958 4379 1117 4445 prospera
1140 4378 1310 4443 nunquam

288 4468 424 4551 Extulit,
449 4474 506 4535 aut
529 4468 647 4536 stravit
670 4468 785 4534 iaculis
808 4468 943 4533 fortuna
967 4465 1133 4532 molestis:

105 4559 108 4564 ⁸
201 4579 266 4645 ‘85
290 4580 381 4646 Unus
404 4574 589 4663 utrobique,
615 4582 713 4662 atque
737 4575 854 4641 eadem
878 4595 971 4640 mens
993 4578 1167 4661 permanet
1190 4578 1225 4640 01
1246 4572 1342 4640 frons
