3284 5750
719 526 905 580 FRANCESOO
936 530 1106 580 Parauaea

294 706 338 784 80
383 707 526 773 Nectere
550 713 639 774 serta
663 730 774 791 manu,
799 730 913 776 sacras
937 717 1088 796 spectare
1112 713 1262 795 choreas

313 796 317 805 ⁴
381 815 595 880 Permissum.
621 815 723 881 Sileat
745 837 935 902 quanquam
957 817 1145 904 indignatus
1168 820 1297 905 Apollo,

383 920 581 1006 Cyrrhaque
606 928 695 988 muta
717 920 795 1007 iugo
818 922 884 987 iam
908 923 1035 1008 pridem
1058 925 1161 991 subsit
1184 925 1335 1005 hiberno,

380 1028 438 1092 His
462 1047 524 1113 ego
547 1048 612 1093 non
637 1028 797 1113 plausum,
823 1036 1024 1115 ventosaque
1048 1032 1131 1097 festa
1162 1033 1295 1106 theatri,

382 1135 450 1200 Nec
473 1156 626 1200 murmur
649 1137 768 1201 turbae
792 1137 934 1218 varium,
959 1137 1016 1202 sed
1041 1159 1120 1203 rara
1144 1124 1308 1205 bonorum

292 1241 336 1306 85
381 1245 523 1309 Pectora
549 1242 719 1327 pollicitus,
746 1244 928 1309 moerentia
954 1245 1054 1310 corda
1079 1245 1188 1311 levavi

380 1350 526 1435 Hospitio
550 1370 730 1435 mensaque
754 1350 880 1432 savem,
905 1359 1061 1436 castoque
1085 1353 1194 1418 cubili.

380 1460 514 1544 lamque
537 1458 674 1524 Helicon
699 1458 855 1544 collisque
879 1459 999 1544 biceps,
1024 1461 1155 1545 iamque
1179 1482 1291 1548 ungue
1316 1462 1429 1529 caballi

378 1566 466 1631 Fons
489 1564 610 1646 oriens,
635 1572 812 1651 vatumque
837 1565 949 1631 virens
974 1566 1039 1631 iam
1069 1567 1149 1633 silva
1175 1569 1282 1634 videri

385 1673 510 1758 Incipit,
536 1680 569 1738 et
593 1673 722 1738 miseris
747 1672 865 1738 melior
890 1673 1024 1739 fortuna
1049 1675 1186 1741 reverti.

293 1782 337 1848 90
382 1782 482 1862 Haec,
507 1800 579 1865 age,
604 1780 736 1844 visurus
760 1799 914 1865 propera,
940 1800 1000 1864 par
1024 1779 1138 1865 siqua
1163 1782 1282 1866 quietis

384 1889 475 1954 Cura
497 1887 564 1952 tibi.
590 1887 716 1952 Cernes
739 1887 834 1952 bellis
857 1888 940 1953 baec
964 1888 1029 1953 otia
1052 1896 1210 1972 quantum

379 1995 526 2083 ,Urbanis
549 1994 724 2079 praeferre
749 1993 841 2059 velis.
868 1994 941 2059 Neu
966 1994 1049 2059 dura
1072 1987 1205 2062 timeto

379 2102 533 2178 Feronia,
558 2108 592 2168 et
614 2100 793 2167 horridulis
817 2101 939 2167 inculta
965 2101 1085 2169 cubilia
1108 2104 1234 2170 culmis,

382 2209 528 2295 Regibus
553 2209 722 2274 alternare
747 2207 836 2273 vices
860 2208 1046 2293 gratissima
1072 2230 1125 2275 res
1150 2216 1214 2276 est:

292 2317 337 2383 95
381 2316 560 2383 Fastiditur
584 2315 669 2381 idem
694 2334 845 2399 semper:
872 2315 1001 2381 variata
1026 2317 1176 2402 voluptas

380 2422 539 2489 Blandior
564 2429 622 2499 est,
647 2421 813 2506 aliumque
839 2423 944 2487 refert
968 2422 1066 2488 dilata
1091 2443 1254 2508 saporem.

381 2531 474 2596 Adde
497 2528 584 2614 quod
608 2535 642 2595 et
666 2529 772 2594 lautas
797 2529 910 2614 epulas
934 2537 968 2596 et
991 2529 1067 2595 vina
1091 2531 1224 2597 rubenti

380 2639 491 2703 Monte
515 2637 569 2702 vel
593 2635 721 2702 ardenti
747 2636 869 2700 dudum
892 2643 1083 2703 transvecta
1107 2639 1253 2720 Vesevo,

379 2744 631 2829 Argentumque
655 2742 773 2818 nitens,
799 2742 912 2826 gregis
935 2764 975 2809 ac
998 2743 1147 2828 preciosa
1171 2743 1342 2810 Britannis

271 2852 336 2917 100
380 2850 520 2918 Vellera
535 2836 681 2916 'odorato
705 2849 874 2915 demersas
898 2849 1025 2917 murice
1049 2857 1158 2917 vestes

375 2959 484 3023 Ferre
507 2956 601 3022 brevi
626 2962 717 3041 potes
740 2956 809 3041 ipse
835 2956 908 3020 via:
934 2957 973 3022 da
999 2964 1133 3023 caetera
1157 2958 1260 3024 nobis.

288 3128 290 3131 ,
379 3064 492 3130 Herba
516 3063 669 3139 thorum;
696 3064 795 3128 ramis
820 3069 943 3129 tectum
967 3063 1185 3130 viridantibus
1209 3066 1334 3142 arbor;

378 3173 423 3237 At
445 3170 619 3257 cytharam
642 3170 837 3235 Philomena
860 3170 957 3251 seret,
981 3191 1083 3255 quam·
1104 3171 1194 3236 nulla
1219 3171 1321 3238 libido

377 3277 487 3343 Flexit
510 3276 626 3352 adbuc,
651 3276 794 3341 tremulo
817 3276 1027 3361 permulcens
1051 3284 1187 3362 gutture
1211 3278 1313 3343 silvas

267 3385 332 3451 105
377 3385 504 3449 Innuba
527 3383 678 3469 virgineo
702 3383 797 3464 canit,
823 3389 856 3449 et
879 3403 944 3447 000
969 3383 1078 3448 sibilat
1101 3384 1198 3449 auno,

378 3492 443 3557 Nos
466 3490 524 3557 tibi
546 3489 765 3574 multiloquos,
790 3489 816 3553 si
842 3490 908 3555 fert
931 3510 970 3555 ea
995 3511 1087 3567 cura,
1113 3490 1239 3556 libellos

378 3600 615 3682 Musarumque
638 3598 767 3678 choros,
792 3596 986 3682 domitisque
1009 3597 1162 3664 insistere
1187 3598 1357 3685 Nimphis3

378 3706 443 3770 Nos
467 3704 524 3769 tibi
548 3704 736 3789 pampineos
760 3703 860 3769 colles
884 3704 1104 3788 gravidosque
1129 3724 1289 3787 racemos

377 3811 525 3895 Denique
548 3808 721 3875 mellifluas
745 3809 836 3886 ficus,
862 3810 1048 3895 undamque
1074 3818 1242 3877 recentem

266 3920 331 3985 110
377 3918 517 4003 Gurgite
540 3917 580 3982 de
603 3917 711 3982 medio
734 3914 913 3998 offerimus,
939 3924 1119 4002 cantusque
1144 3918 1320 3985 volucrum

377 4027 581 4106 Innumeros,
606 4022 790 4108 montisque
813 4023 914 4105 sinus,
938 4044 1125 4109 curvosque
1149 4045 1312 4108 recessus,

376 4133 418 4198 Et
442 4151 616 4196 nemorum
640 4130 764 4216 gelidas
790 4130 860 4195 udis
883 4130 916 4194 10
941 4130 1080 4196 vallibus
1104 4133 1248 4198 umbras.

284 4418 315 4471 2ι
333 4417 357 4471 A
375 4414 503 4471 Riualdo
522 4414 559 4469 da
578 4412 780 4480 villafranca,
800 4413 937 4469 descrive
956 4414 978 4468 il
997 4414 1120 4483 viaggio
1145 4417 1195 4470 nei
1221 4415 1359 4472 diuturni
1379 4417 1409 4473 di
1427 4418 1466 4471 Na

371 4496 401 4551 10
418 4508 511 4565 praga
529 4494 560 4549 di
580 4499 726 4548 accettare
746 4492 868 4549 l'invito
884 4494 914 4550 di
928 4494 1054 4551 Barbato
1067 4494 1104 4551 da
1117 4496 1262 4551 Sulmone
1274 4512 1291 4552 e
1304 4498 1416 4554 recarsi
1428 4512 1468 4552 coi

259 4593 261 4599 ⁴
295 4625 298 4628 .
373 4574 511 4647 aNapoli
533 4575 594 4643 (vv.
607 4574 680 4644 151).
