3284 5750
642 525 828 572 FRANCESCO
860 520 1031 570 PETRARCA

285 700 460 787 Cingitur3
484 701 538 767 hic
561 701 635 767 latis
659 707 797 767 aeterna
821 701 949 767 silentia
974 699 1107 784 campis,

285 806 469 892 Mirleaque
495 806 694 872 umbriferos
718 814 814 872 vetus
839 807 941 872 ambit
964 807 1047 872 silva
1075 825 1239 872 recessus,

283 914 356 980 Non
380 913 433 979 hic
456 934 628 996 armorum
652 913 808 999 strepitus
832 913 1019 980 studiumve
1042 913 1246 979 frementum

284 1020 517 1106 Cornipedem,
543 1040 608 1086 non
632 1041 714 1087 cura
738 1041 859 1086 canum
883 1019 1110 1106 pecudumque
1137 1020 1328 1105 boumque:

217 1127 260 1192 45
283 1126 348 1192 Sed
372 1127 466 1192 labor
489 1134 523 1192 et
546 1126 714 1202 lacrimae,
740 1133 773 1192 01
796 1126 895 1212 longo
919 1124 1060 1211 suspiria
1083 1132 1206 1207 tractu,

284 1234 336 1299 Et·
350 1233 471 1299 macies
494 1233 670 1318 odiumque
693 1233 754 1311 sui,
778 1233 950 1318 pallorque
974 1233 1153 1318 ruborque,

284 1341 326 1406 Et
350 1339 559 1405 malesuadus
583 1360 687 1421 amor,
712 1340 829 1416 scelus,
854 1340 915 1415 ira,
940 1339 1086 1424 fidesque
1109 1339 1240 1426 dolique

286 1448 455 1532 Forteque
478 1445 642 1513 blanditiis
666 1446 824 1520 immixta,
849 1446 1004 1531 iocusque
1028 1446 1197 1532 dolorque,

285 1556 326 1620 Et
351 1554 436 1619 risus
459 1554 581 1631 brevis,
607 1561 640 1620 et
663 1553 739 1620 ficto
761 1553 908 1640 periuria
934 1554 1037 1633 vultu,

218 1661 263 1727 50
288 1661 482 1745 Crebraque
506 1661 567 1727 sub
591 1659 678 1726 raris
702 1661 851 1727 habitant
874 1660 1045 1726 mendacia
1071 1659 1169 1726 veris,

286 1769 346 1835 1113
371 1788 430 1853 per
454 1775 611 1854 angustas
637 1769 750 1834 fauces
773 1768 934 1854 ingressa,
958 1769 1019 1833 sub
1043 1768 1112 1854 ipso

285 1875 413 1941 Limine
437 1875 669 1951 claustrorum,
694 1876 811 1960 laqueo
835 1897 895 1942 sua
920 1878 1002 1941 colla
1028 1881 1236 1961 prementem

286 1983 402 2050 Cernit
426 1981 567 2068 lpbim⁸⁶,
591 1991 625 2050 et
648 1983 747 2049 nimio
771 1991 998 2069 consumptam
1021 1979 1188 2069 Byblidaffl
1211 1982 1316 2050 luctu.

286 2092 329 2156 At
353 2090 467 2176 procul
491 2089 614 2176 ingenti
640 2090 787 2157 latitabat
810 2092 952 2176 Myrrha
980 2089 1105 2176 pudore

218 2198 263 2263 55
285 2196 470 2262 Frondibus
493 2217 553 2261 013
576 2204 701 2282 tegens.
727 2199 852 2263 lterum
875 2197 1031 2282 spoliator
1055 2196 1183 2263 Averni

286 2304 440 2389 Orpheus
463 2303 654 2388 Eurydicen
678 2304 804 2370 frustra
828 2323 991 2370 revocare
1015 2305 1163 2389 parabat.

286 2411 450 2476 Maximus
474 2418 625 2476 extremo
649 2431 824 2477 nemorum
848 2432 954 2497 vagus
975 2410 1043 2478 ibat
1066 2412 1212 2479 Achilles

286 2517 479 2601 Pallidaque
502 2516 616 2583 immiti
640 2517 791 2604 signabat
814 2517 966 2604 gramina
989 2539 1108 2603 paesu;

287 2625 437 2690 Adversa
464 2623 601 2710 regione
624 2624 731 2706 Paris,
756 2644 817 2690 ceu
842 2631 918 2690 nota
944 2625 1077 2691 timeret

220 2733 264 2796 60
287 2733 390 2797 Arma
413 2729 525 2813 hostis,
550 2750 666 2817 gressu
691 2731 790 2797 tacito
814 2732 1035 2816 properabat:
1059 2739 1093 2797 31
1116 2731 1207 2797 illum

286 2836 426 2903 Tristior
450 2835 616 2904 Oenone88
639 2857 656 2903 a
681 2843 778 2924 tergo
803 2836 977 2903 lacrimosa
1001 2838 1163 2915 vocabat;

286 2947 358 3030 lpse
381 2944 445 3010 3110
469 2943 624 3010 tendebat
647 2945 720 3010 iter.
746 2947 831 3009 Tum
863 2944 956 3029 regia
979 2944 1076 3030 virgo

285 3053 329 3118 Et
351 3051 472 3117 mundo
496 3058 647 3117 matrona
673 3072 804 3132 nocens,
829 3057 877 3117 tot
900 3072 1000 3119 causa
1025 3052 1187 3134 dolorum,

286 3160 418 3224 Turnus
442 3158 567 3243 etipse
591 3157 703 3223 dolens
728 3164 821 3243 rapta
846 3158 886 3223 de
910 3157 1050 3244 coniuge
1076 3159 1199 3243 campis

219 3263 263 3329 65
285 3264 474 3330 Errabant:
499 3264 670 3349 mediaque
694 3264 777 3330 duos
798 3286 899 3351 quum
923 3265 1011 3330 valle
1034 3265 1164 3332 videret

286 3371 467 3457 SolivagoS,
492 3371 588 3437 lateri
612 3372 800 3454 haerentes,
825 3372 1022 3456 alternaque
1045 3372 1130 3437 collo

287 3478 430 3544 Brachia
453 3478 641 3545 tendentes:
669 3504 686 3539 c
709 3480 793 3561 Heu,
818 3478 1006 3545 felicissima
1030 3477 1178 3544 Thisbe⁸⁹
1194 3505 1226 3561 »,

285 3584 462 3671 Suspirans
486 3584 599 3672 inquit.
623 3585 753 3651 Placuit
776 3592 930 3652 servatus
955 3586 1092 3651 Averno

286 3692 397 3759 Dulcis
420 3712 535 3759 amor:
560 3698 687 3759 tantum
710 3692 809 3757 nullis
832 3691 999 3758 inviderat
1022 3692 1170 3769 umbris;

220 3800 264 3865 70
290 3800 457 3884 Nusquam
479 3798 560 3864 adeo
584 3798 653 3864 cari
678 3798 825 3864 meminit
850 3798 981 3864 deserta
1005 3797 1140 3863 mariti!

288 3905 531 3990 Nequicquam:
557 3926 699 3990 namque
723 3905 778 3971 ille
802 3924 905 3971 senex
929 3905 1111 3972 moriturus
1134 3912 1168 3971 et
1191 3905 1288 3971 annis

286 4011 584 4078 Lassandus‘vitae
608 4027 769 4077 venturus
792 4012 832 4077 ad
857 4012 970 4078 ultima
994 4012 1111 4098 longae
1133 4017 1192 4094 est,

287 4120 501 4205 Heroumque
524 4138 646 4206 greges
670 4120 867 4204 diversaque
894 4119 1039 4185 claustra
1062 4119 1197 4186 tenebit.

285 4230 464 4313 Postquam
482 4220 575 4292 'fama
599 4226 694 4293 ferae
717 4226 858 4293 volitans
881 4225 1087 4311 praenuncia
1111 4226 1228 4294 mortis

92 4367 96 4377 ·
220 4334 264 4399 75
287 4335 325 4398 In
348 4333 468 4419 vulgus
492 4330 595 4399 effusa
619 4332 696 4414 ruit,
720 4339 799 4399 tunc
823 4353 890 4398 una
912 4352 971 4419 per
995 4352 1108 4399 omnes

286 4442 314 4508 11
337 4440 449 4527 pietas,
473 4445 561 4507 totae
586 4438 730 4506 lacrimis
754 4440 914 4507 maduere
937 4440 1100 4506 cohortes.

288 4548 384 4617 Hunc
406 4566 479 4613 sors
504 4545 641 4635 reginae
664 4552 796 4627 movet;
820 4548 909 4616 hunc
931 4544 1053 4613 iniuria
1076 4546 1176 4633 regis,
