3284 5750
361 768 365 775 ι
437 697 481 753 ort
504 694 662 753 1111100110
686 690 877 756 0110100001
906 690 1068 748 saturnum
1329 669 1390 743 121

244 888 457 953 dictumest:
485 884 703 969 «Unguento
737 887 770 946 et
793 879 896 945 variis
933 878 1088 945 odoribus
1117 860 1301 943 delectatur
1325 895 1393 957 cor,

192 1075 194 1078 Ι
243 992 393 1079 quamvis
417 996 588 1076 unguento
611 988 742 1073 quidem
766 993 925 1051 nontam
941 983 1019 1049 mihi
1044 983 1217 1050 delectatio
1242 982 1395 1049 videatur

246 1102 363 1177 inesse,
388 1119 487 1184 quam
510 1096 675 1163 fastidium
692 1121 723 1159 ».
748 1094 812 1160 Sed
848 1100 884 1159 ut
907 1092 982 1158 insit
1016 1091 1171 1158 odoribus
1203 1111 1277 1158 meo
1303 1097 1395 1157 certe

246 1206 391 1287 consilio,
409 1204 597 1271 absentibus
613 1202 834 1269 resistendum
851 1205 1038 1285 contemptu
1056 1205 1089 1264 et
1106 1198 1280 1281 oblivione,
1298 1218 1396 1284 prae-

245 1315 389 1380 sentibus
413 1312 572 1378 utendum
594 1310 730 1386 modice,
755 1328 863 1393 neque
888 1307 991 1373 ullum
1015 1305 1064 1370 his
1094 1306 1236 1372 studium
1270 1305 1397 1391 impen-
1432 1325 1437 1332 ’

245 1421 397 1498 dandum,
414 1438 456 1484 ne
481 1425 513 1484 te
537 1416 591 1483 vel
606 1416 725 1483 tacitus
749 1414 941 1481 ultimarum
967 1414 1145 1499 viliumque
1165 1433 1282 1479 rerum
1305 1432 1398 1477 man-

246 1527 365 1613 cipium
378 1525 520 1592 fateare:
531 1543 616 1588 neve
628 1524 716 1587 hunc
729 1521 907 1587 articulum
919 1520 1048 1607 longius
1060 1521 1203 1603 traham,
1216 1520 1397 1586 inhonestis

246 1634 415 1716 odoribus,
442 1638 477 1698 ut
500 1633 600 1697 rebus
621 1630 774 1697 omnibus
799 1628 931 1694 virilem
954 1626 1217 1695 effeminantibus
1250 1626 1399 1692 animum

248 1741 358 1808 vetitis
374 1761 413 1806 ac
429 1738 574 1806 seclusis.
589 1739 625 1801 lu
643 1737 787 1822 reliquis,
803 1735 979 1822 Augustini
996 1734 1194 1801 sententiam
1205 1734 1397 1819 amplector:

248 1850 288 1916 de
312 1848 470 1914 illecebra
493 1846 642 1921 odorum,
666 1845 780 1930 inquit,
806 1864 872 1910 non
897 1850 1011 1929 satago
1039 1842 1145 1925 nimis,
1170 1863 1245 1908 cum
1280 1843 1400 1908 absunt

247 1976 313 2022 non
339 1955 486 2040 requiro,
511 1974 586 2019 cum
621 1952 739 2017 adsunt
773 1971 840 2016 non
865 1969 1001 2036 respue,
1025 1957 1161 2036 paratus
1197 1949 1244 2014 eis
1268 1969 1400 2034 semper

247 2082 378 2130 carere.
403 2060 494 2127 Idem
516 2060 570 2126 100
593 2079 636 2125 ne
659 2059 789 2154 quando
813 2057 906 2124 bonis
930 2057 1084 2123 odoribus
1108 2057 1195 2123 male
1218 2058 1319 2139 oleas,
1344 2062 1402 2123 aut

175 2230 178 2236 .
248 2170 367 2237 odiosis
391 2168 557 2234 munditiis
581 2167 711 2255 odiosus
733 2166 787 2231 sis.

175 2358 198 2413 le
213 2359 263 2429 poi
283 2356 300 2413 ὁ
319 2357 349 2413 10
363 2356 489 2423 musica,
502 2354 617 2426 purche
630 2355 661 2412 di
675 2369 742 2410 essa
755 2353 958 2409 sobriamente
976 2366 993 2407 0
1012 2359 1197 2409 00010100010
1216 2353 1243 2408 ci
1262 2353 1288 2409 si
1302 2352 1402 2410 (1110111

191 2439 321 2507 (Dialogo
340 2437 456 2507 1111111);
478 2442 567 2507 turpe
586 2435 650 2492 010
669 2437 809 2506 passione
829 2435 907 2491 delia
927 2435 1020 2490 dauza
1040 2435 1156 2505 (XXIV)
1183 2450 1200 2491 0
1226 2435 1275 2492 (101
1294 2436 1401 2505 giuoco

190 2519 267 2574 della
284 2518 377 2588 palla,
397 2517 446 2573 dei
464 2517 545 2585 dadi,
566 2517 648 2585 degli
667 2516 792 2584 scacchi,
808 2516 887 2571 delle
906 2523 988 2572 carte
1002 2514 1237 2584 (xxv-XXVll);
1253 2515 1329 2571 10100
1348 2514 1402 2571 eii

191 2601 294 2656 (1110110
313 2600 367 2655 0110
387 2600 419 2654 in
434 2599 484 2654 noi
502 2599 656 2655 inducono
675 2599 685 2654 i
704 2598 812 2653 comici
825 2598 976 2667 (xxviii).
991 2584 1013 2655 li]
1031 2599 1069 2655 da
1082 2597 1237 2668 anteporsi
1254 2595 1284 2652 lo
1299 2597 1400 2653 studio

190 2681 216 2734 ai
236 2678 360 2747 giuochi
388 2678 467 2735 della
484 2679 617 2748 palestra
637 2678 757 2746 (1111111)
777 2691 794 2732 0
814 2678 875 2747 agli
903 2678 1059 2749 speltacoli
1087 2678 1120 2733 in
1149 2691 1262 2746 genere
1283 2677 1401 2747 (111111);

190 2774 281 2830 pazza
300 2757 365 2815 (110
384 2758 486 2814 mania
505 2758 553 2814 (101
573 2757 682 2814 cavalli
702 2758 831 2828 (XXXI).
1111 2765 1114 2770 ·

188 2923 348 2988 Grumum
371 2920 607 3005 -Equorum
629 2919 735 2986 studio
758 2919 918 2986 detineor.

185 3029 293 3096 111110
315 3063 360 3078 -
383 3026 539 3109 Mirarer,
556 3026 617 3092 nisi
640 3027 792 3113 ingentes
809 3026 900 3094 viros
916 3047 1020 3114 usque
1036 3028 1076 3093 ad
1093 3026 1272 3093 ludibrium
1287 3032 1399 3114 captos

250 3136 314 3201 hoc
337 3134 444 3200 studio
479 3134 710 3200 meminissem.
735 3134 815 3211 Quis
839 3135 1069 3202 Alexandrum
1099 3134 1315 3202 Macedonem
1337 3155 1404 3200 non

255 3241 380 3307 audivit
403 3247 511 3308 amato
539 3261 623 3326 equo
657 3242 820 3308 tumulum
856 3241 1003 3308 erexisse
1040 3239 1240 3327 urbemque⁴
1264 3242 1304 3308 de
1328 3241 1403 3326 equi

256 3348 388 3414 nomine
411 3347 625 3434 appellatam?
643 3347 706 3414 Sed
722 3348 803 3413 nihil
819 3349 853 3412 in
869 3349 925 3415 illo
944 3349 1094 3415 mirabile
1111 3349 1245 3416 vivente
1261 3348 1401 3435 impetus

254 3461 287 3522 01
311 3454 412 3521 animi
434 3454 551 3520 101101
573 3455 661 3521 10011.
685 3453 872 3521 Mirabilior
896 3456 929 3520 in
949 3456 1099 3542 Augusto
1122 3456 1272 3542 quamvis
1295 3454 1405 3522 minor

255 3561 387 3647 ineptia,
412 3561 633 3647 nequeenim
655 3563 775 3627 urbem
794 3581 896 3647 equo
930 3562 986 3628 ille
1018 3583 1078 3628 000
1101 3562 1249 3641 1110111011,
1274 3563 1330 3629 sed
1354 3582 1406 3629 se-

254 3669 418 3758 pulcrum,
431 3669 529 3754 idque
545 3669 652 3756 ipsum
668 3669 755 3735 illius
771 3670 929 3756 gravitati
946 3677 1045 3756 atque
1061 3670 1194 3757 ingenio
1210 3671 1317 3756 impar
1333 3669 1405 3736 1011.

256 3777 342 3842 Nam
365 3776 431 3842 divi
454 3775 528 3841 Iulii
550 3783 778 3843 monstruosus
807 3776 943 3862 ‘sonipes
978 3798 1022 3842 an
1048 3778 1090 3843 ab
1113 3777 1183 3863 ipso
1206 3798 1250 3843 an
1273 3777 1314 3842 ab
1338 3775 1403 3842 alio

255 3889 332 3950 ante
348 3884 463 3949 aedem
474 3883 621 3949 Veneris
644 3903 833 3950 marmorea
849 3883 890 3949 sit
906 3870 1118 3950 consecratus
1137 3882 1245 3971 effigie
1261 3882 1406 3949 dubitari

253 3996 369 4076 potest,
394 3990 502 4057 minor
526 3991 629 4056 multo
653 3991 707 4056 vel
730 3997 840 4057 aetate
863 3990 916 4055 vel
941 3990 1062 4077 gloria:
1088 4010 1207 4057 verum
1229 3989 1343 4076 opibus
1367 4010 1407 4057 00

255 4096 423 4163 Caesareo
445 4096 578 4163 nomine
602 4117 705 4182 paene
720 4097 867 4182 aequalis
879 4097 1065 4163 Antoninus
1084 4095 1223 4180 Verus⁵,
1241 4102 1277 4163 ut
1292 4097 1408 4163 sileam

255 4222 355 4288 quem
372 4203 504 4281 victum,
521 4223 663 4288 quemve
686 4202 842 4269 amictum
859 4222 954 4289 equo,
971 4224 1071 4289 quem
1087 4203 1259 4271 immodice
1276 4204 1408 4270 amabat

257 4308 414 4392 exhibuit,
439 4316 532 4377 certe
555 4317 589 4376 01
611 4308 735 4376 viventi
761 4309 977 4376 simulacrum
1000 4330 1142 4377 aureum
1165 4309 1238 4378 fieri
1262 4310 1350 4393 iecit,
1375 4316 1409 4378 et

256 4423 387 4482 mortuo
410 4417 624 4503 sepulturam,
649 4436 713 4502 quo
737 4416 875 4503 gravius
898 4418 1158 4501 stomachamur,
1186 4418 1221 4483 in
1243 4417 1408 4486 Vaticano

254 4522 368 4589 extrui
390 4528 439 4590 tot
462 4522 549 4590 inter
573 4543 670 4590 sacra
692 4543 766 4590 ossa
788 4523 833 4588 ibi
854 4524 983 4590 condita
1000 4531 1033 4591 et
1051 4525 1229 4591 condenda.
1249 4524 1318 4590 Vix
1334 4545 1409 4592 cre-

256 4629 366 4696 dibilia
390 4629 571 4717 loquimur,
595 4651 679 4697 vera
701 4637 829 4708 tamen,
854 4634 977 4699 horum
1011 4632 1232 4718 similiumque
1259 4633 1409 4699 conscius

255 4743 350 4805 vates
373 4737 516 4805 heroum
538 4737 663 4805 animas
687 4738 773 4825 apud
796 4738 922 4805 1010100
950 4758 1078 4826 quoque
1107 4758 1270 4828 equorum
1303 4739 1410 4816 studio
