3284 5750
644 537 830 584 FRANCESGO
854 535 1027 582 PETRARCA

282 716 387 803 quari
424 720 549 782 mutata
571 721 647 780 sunt
672 714 791 779 omnia.
816 713 890 778 Non
920 712 976 778 ille
1007 734 1099 779 meus
1127 715 1274 793 habitus;
1301 737 1393 793 meus,
1410 715 1443 780 in·

282 845 391 910 quam,
416 829 553 909 propter
576 821 732 888 eximiam
757 820 946 903 vanitatem,
971 843 1035 908 qua
1058 823 1162 903 salva,
1188 822 1221 887 ni
1245 823 1349 904 fallor,
1369 825 1444 889 bone·

281 937 421 998 stataet
449 932 568 996 decore
592 934 736 1009 servato,
765 927 853 994 inter
877 948 976 1013 pares
1004 928 1082 993 clim
1112 930 1258 1015 conspici
1285 929 1374 996 dulce
1393 931 1444 996 luit.

282 1037 474 1125 Agricolam
508 1056 561 1101 me
596 1056 652 1101 seu
688 1041 855 1120 pastorem
890 1034 1024 1112 dixeris,
1049 1056 1125 1101 cum
1161 1042 1273 1102 tamen
1302 1037 1399 1102 adbuc
1424 1043 1446 1102 et

215 1146 236 1210 5
281 1145 382 1212 vestis
406 1143 598 1230 exquisitior
622 1162 688 1207 non
711 1141 804 1223 desit,
830 1148 863 1207 et
886 1142 1003 1208 mutati
1026 1143 1158 1209 habitus
1187 1143 1276 1208 nulla
1301 1143 1341 1209 sit
1362 1165 1446 1220 cansa,

282 1251 345 1318 nisi
368 1252 445 1337 quia
480 1249 566 1336 quod
590 1249 732 1334 primum
767 1248 899 1333 placuit,
929 1249 1071 1333 primum
1107 1250 1230 1316 sordet.
1256 1250 1366 1317 Soluta
1394 1256 1449 1314 sunt

284 1358 402 1444 quibus
419 1358 548 1442 ligabar
565 1355 707 1434 vincula,
732 1355 897 1441 clausique
911 1356 1027 1442 quibus
1051 1356 1184 1441 placore
1201 1359 1371 1442 cupiebam
1385 1356 1448 1422 oculi

282 1472 316 1532 et
339 1472 425 1550 puto,
450 1464 477 1529 si
501 1463 608 1549 aperti
644 1469 764 1543 essent,
788 1463 885 1529 hodie
920 1462 1051 1529 solitum
1074 1463 1108 1529 in
1131 1485 1184 1530 me
1213 1464 1382 1550 imperium
1401 1483 1449 1528 non

282 1573 463 1638 haberent:
488 1569 571 1636 meis
606 1574 716 1635 autem
740 1569 843 1635 oculis
868 1569 958 1634 nullo
994 1569 1089 1636 modo
1112 1570 1219 1656 magis
1243 1570 1355 1656 placeo
1376 1590 1450 1656 quan

198 1680 241 1748 10
286 1679 412 1745 solutus
436 1698 475 1743 ac
498 1677 592 1742 liber.
617 1675 699 1753 Quid
723 1677 763 1742 de
787 1677 973 1743 habitaculo
997 1676 1160 1742 dixerim?
1185 1678 1321 1744 Catonis
1343 1679 1448 1744 autFa·

283 1785 371 1851 britii
408 1785 539 1850 domum
574 1789 676 1868 putes,
700 1783 756 1849 ubi
791 1804 868 1849 cum
891 1803 974 1849 cane
1010 1784 1107 1849 unico
1132 1790 1166 1851 et
1188 1784 1317 1851 duobus
1349 1791 1446 1850 mutum

283 1892 390 1958 servis
413 1890 545 1967 habito;
578 1896 707 1956 ceteros
731 1889 765 1954 in
789 1890 882 1956 ltalia
907 1890 1013 1955 dimisi
1037 1911 1161 1957 omnes.
1187 1892 1324 1958 Utinam
1356 1892 1384 1956 in
1410 1888 1446 1954 via

284 1998 487 2079 dimisissem,
523 1996 563 2062 ad
588 2018 640 2063 me
665 2017 831 2082 nunquam
865 1997 1041 2083 redituros,
1075 2019 1170 2065 meae
1205 1999 1324 2084 quietis
1346 1999 1444 2064 unicam

285 2106 473 2191 procellam.
498 2104 640 2170 Villicus
663 2110 775 2169 autem
791 2104 980 2189 contiguam
1003 2106 1104 2172 habet
1127 2106 1270 2187 domum,
1295 2108 1370 2172 mibi
1388 2125 1445 2170 sen·

196 2214 239 2279 15
284 2234 344 2299 per
369 2218 510 2299 praesto,
546 2211 623 2276 dum
645 2210 717 2276 usui
752 2217 811 2289 est,
836 2217 869 2278 et
903 2233 945 2278 ne
969 2233 1113 2298 unquam
1137 2214 1331 2299 obsequium
1358 2214 1443 2295 vergat

284 2321 318 2386 in
340 2319 493 2395 taedium,
517 2338 621 2404 parvo
645 2337 722 2382 mox
746 2318 827 2383 ostio
851 2318 1079 2385 secludendus
1106 2320 1168 2386 Hic
1192 2321 1272 2384 mihi
1297 2321 1372 2387 duos
1390 2320 1442 2382 bor·

285 2428 371 2495 tulos
394 2424 541 2512 quaesivi
564 2430 631 2490 tam
654 2425 787 2510 ingenio
811 2425 1040 2511 propositoque
1068 2445 1143 2492 meo
1166 2436 1402 2503 consentaneos,
1419 2427 1441 2488 ut

285 2534 365 2598 nihil
389 2532 513 2618 magis:
549 2551 630 2616 quos
662 2531 689 2595 si
724 2531 914 2597 describere
950 2531 1145 2617 aggrediar,
1170 2533 1291 2619 longus
1323 2530 1445 2598 fiamb

284 2659 411 2705 summa
436 2638 492 2703 vix
516 2636 621 2702 simile
649 2636 771 2722 aliquid
794 2656 874 2702 reor
902 2638 1023 2703 habeat
1046 2637 1136 2703 orbis
1160 2645 1351 2716 terrarum;
1372 2632 1444 2713 etsi

196 2746 240 2813 20
285 2746 462 2812 femineam
485 2743 653 2809 levitatem
688 2742 784 2808 fateri
809 2750 948 2828 oportet,
972 2744 1039 2810 tale
1074 2744 1251 2831 quidquam
1274 2768 1347 2812 esse
1373 2749 1443 2810 entra

284 2851 412 2919 ltaliam
427 2850 590 2937 indignor.
615 2850 711 2915 Hunc
727 2849 885 2916 Helicona
905 2857 1055 2917 nostrum
1072 2851 1317 2938 transalpinum
1333 2852 1446 2919 vocitare

285 2961 394 3026 soleo:
420 2964 468 3024 est
491 2956 580 3023 enim
604 2957 670 3022 alte
699 2957 873 3022 umbrosus
897 2957 1024 3043 solique
1052 2958 1157 3024 studio
1180 2965 1285 3045 aptus,
1311 2968 1343 3027 et
1363 2963 1466 3050 nostro,

285 3087 380 3133 saccr
395 3064 549 3151 Apollini.
575 3063 636 3129 Hic
659 3064 806 3130 nascenti
824 3064 962 3151 Sergiae
981 3065 1152 3151 impendet
1168 3068 1257 3133 ultra
1279 3088 1372 3153 quem
1391 3058 1448 3129 nibil

284 3183 334 3239 est
356 3173 417 3238 nisi
444 3192 543 3257 rupes
559 3177 592 3237 et
614 3170 699 3252 avia,
725 3191 872 3256 prorsus,
897 3172 958 3237 nisi
978 3171 1059 3238 feris
1082 3179 1139 3238 aut
1163 3174 1364 3256 volucribus,
1384 3174 1450 3237 inac-

195 3281 240 3346 25
284 3300 386 3346 cessa.
410 3279 507 3344 Alter
536 3276 644 3343 domui
661 3277 832 3361 proximus
856 3284 889 3343 et
911 3284 1044 3362 aspectu
1068 3278 1188 3344 cultior
1213 3285 1247 3345 et
1271 3280 1400 3346 dilectus
1418 3277 1452 3341 est

285 3382 464 3461 Bromio²⁴;
487 3384 550 3465 hic,
575 3383 698 3447 mirum
721 3382 824 3449 dictu!
848 3382 1043 3468 rapidissimi
1071 3404 1111 3449 ac
1134 3384 1351 3469 pulcherrimi
1374 3379 1455 3451 amns
1478 3363 1485 3460 i

287 3493 321 3557 in
342 3491 449 3558 medio
473 3497 541 3556 est:
566 3489 658 3555 iuxta
674 3510 772 3574 quem
796 3489 890 3555 brevi
907 3496 1034 3556 tantum
1058 3499 1156 3575 ponte
1180 3492 1343 3559 disiuncta
1368 3491 1458 3559 ultima
1482 3499 1485 3576 ζ

208 3583 210 3588 ’
287 3601 401 3665 domus
424 3598 459 3662 in
474 3603 579 3681 parte,
604 3594 733 3661 testudo
757 3596 885 3661 vivisex
913 3596 1074 3681 lapidibus
1098 3605 1239 3664 curvata
1259 3599 1458 3685 suspenditur,
1482 3581 1485 3618 ³

272 3727 370 3792 quae
394 3724 482 3770 nunc
505 3702 597 3769 caelo
612 3703 751 3775 ardente
775 3704 891 3769 sentiri
915 3709 1006 3771 vetat
1029 3712 1198 3771 aestatem.
1223 3707 1332 3773 Locus
1353 3699 1461 3790 estqui

196 3814 240 3879 30
286 3813 327 3879 ad
350 3811 493 3878 studium
517 3808 696 3901 accendat3
732 3830 956 3896 augurorque,
992 3831 1057 3877 non
1082 3812 1238 3877 absimilis
1273 3815 1390 3880 atriolo
1421 3810 1485 3876 illo'

285 3920 340 3985 ubi
376 3918 563 3984 declamare
587 3917 698 3982 solitus
734 3924 807 3983 erat
831 3917 958 3999 Cicero,
994 3918 1056 3984 nisi
1079 3919 1165 4004 quod
1193 3919 1276 3985 illud
1300 3919 1467 4006 praeterla-

285 4028 416 4093 bentem
441 4024 594 4110 Sergiam
609 4044 675 4090 non
698 4024 848 4090 habebat.
866 4025 933 4090 Sub
954 4026 1016 4091 hoc
1030 4046 1112 4111 ergo
1136 4026 1293 4094 meridies
1318 4028 1467 4115 exigitur:

286 4153 384 4199 mane
407 4132 440 4196 in
464 4131 609 4207 collibus,
634 4151 752 4216 vesper
776 4132 810 4195 in
834 4132 936 4216 pratis
953 4132 1005 4197 vel
1031 4132 1200 4217 asperiore
1225 4133 1259 4197 in
1283 4135 1416 4201 hortulo
1438 4130 1471 4199 ad

285 4241 411 4306 fontem
445 4244 599 4303 naturam
633 4238 823 4304 vincentem
857 4237 1007 4320 artificio,
1032 4240 1088 4304 ubi
1122 4240 1214 4305 locus
1244 4247 1295 4307 est
1330 4242 1397 4307 alta
1420 4240 1472 4306 sub

196 4346 240 4413 35
285 4368 369 4433 rupe
386 4367 425 4412 ac
449 4344 611 4411 mediisin
634 4345 737 4422 undis,
763 4351 922 4431 angustus
946 4345 1087 4431 quidem,
1119 4345 1176 4411 sed
1200 4347 1318 4431 plenus
1341 4347 1474 4416 stimulis

230 4529 234 4535 ,
285 4454 488 4532 ardentibus
512 4453 628 4538 quibus
644 4453 739 4539 piger
761 4452 837 4519 licet
852 4453 980 4519 animus
1004 4454 1038 4518 in
1062 4453 1237 4520 altissimas
1258 4476 1359 4522 curas
1384 4454 1477 4543 possit

259 4579 261 4583 ’
288 4582 477 4653 assurgere.
503 4559 685 4638 Quidvis?
720 4580 850 4646 possem
872 4561 986 4627 forsan
1021 4561 1075 4627 hic
1097 4562 1214 4629 vivere
1249 4564 1311 4629 nisi
1334 4564 1391 4630 vel
1414 4572 1476 4631 tam
