3284 5750
510 692 678 744 nmsrmn
706 690 1137 744 11116161111111111116
1400 671 1464 740 167
1527 677 1547 728 Ἀ

265 896 330 960 que
354 875 430 940 olim
454 896 647 941 amaveram
671 895 816 961 perosus,
841 874 984 959 quotidie
1009 873 1123 940 nolens
1145 879 1178 939 et
1200 872 1334 958 ingenio
1357 872 1462 937 irat-us

267 1002 340 1049 meo
367 981 401 1046 in
425 982 604 1067 porticibus
640 1002 768 1048 versor.
805 983 934 1067 Ubique
968 977 1176 1047 indoctorum
1210 979 1311 1057 acies,
1337 979 1461 1063 ubique

269 1090 444 1155 Damoetas
469 1109 580 1154 meum
602 1090 636 1153 in
659 1089 766 1155 triviis
790 1089 905 1154 solitus

369 1251 540 1319 Stridentr'
561 1254 735 1317 miserare
758 1247 890 1335 stipulo
914 1252 1116 1334 disperdere
1143 1247 1325 1317 carmena.
1427 1262 1431 1271 ·

194 1411 219 1476 5
267 1410 331 1477 Sed
353 1410 420 1477 iam
435 1412 514 1477 satis
530 1396 632 1478 multa
656 1413 696 1478 de
725 1432 762 1477 re
786 1412 912 1478 modica
929 1432 1097 1497 nunquam
1110 1411 1189 1476 mihi
1205 1417 1274 1476 tam
1289 1410 1378 1476 serio
1391 1409 1463 1495 agi·
1559 1499 1563 1504 Ι

268 1518 386 1583 tanda:
411 1538 486 1583 cum
498 1519 583 1583 hanc
606 1518 709 1604 ipsam
724 1519 841 1584 horam
867 1518 1000 1583 minime
1016 1518 1153 1603 amplius
1170 1517 1353 1583 redituram
1370 1517 1460 1583 euris

266 1624 338 1689 aliis
362 1625 532 1690 deberem:
550 1624 611 1689 nisi
627 1624 704 1710 quia
721 1624 889 1691 excusatio
907 1633 961 1690 tua
979 1626 1107 1691 horum,
1122 1623 1322 1703 accusationi
1347 1623 1459 1688 nescio
1557 1643 1560 1648 ·

268 1730 344 1816 quid
357 1731 461 1795 simile
477 1751 596 1816 sapere
612 1732 682 1797 visa
699 1739 757 1798 est.
783 1732 895 1798 Solent
914 1731 1002 1797 enim
1019 1731 1167 1816 plerique
1192 1730 1271 1795 mihi
1287 1730 1407 1811 odium,
1423 1737 1459 1796 ut
1554 1813 1558 1821 ι

235 1837 344 1915 ‘dixi
375 1837 427 1902 alii
457 1845 679 1923 contemptum
704 1839 766 1903 viri
790 1840 888 1904 huius
916 1838 1058 1915 obicere,
1089 1838 1181 1903 cuius
1205 1837 1301 1903 hodie
1325 1837 1458 1902 nomine

178 1945 225 2010 10
272 1944 414 2009 scienter
430 1944 581 2025 abstinui,
595 1964 637 2009 ne
653 1945 731 2009 illud
749 1945 904 2010 infamari
920 1935 1092 2011 clamitans
1105 1950 1223 2010 cuncta
1239 1944 1385 2025 audiens,
1394 1943 1461 2008 nihi
1539 1932 1543 1939 ’

269 2050 456 2136 intelligens
479 2051 599 2137 vulgus
616 2053 833 2137 obstreperet.
848 2052 912 2116 Alii
933 2058 1043 2117 autem
1061 2051 1216 2116 invidiam
1241 2051 1414 2132 obiectant,
1428 2050 1462 2116 hi

270 2157 394 2223 scilicet
417 2158 472 2242 qui
488 2158 567 2222 mihi
592 2179 728 2244 meoque
751 2159 873 2224 nomini
899 2158 1055 2224 invident.
1074 2159 1158 2223 Nam
1179 2159 1238 2224 etsi
1259 2177 1463 2243 magnopere

269 2263 448 2329 invidiosus
465 2284 530 2329 non
547 2286 628 2342 sum,
643 2273 753 2331 tamen
768 2265 854 2350 quod
871 2265 1045 2350 aliquando
1067 2285 1132 2330 non
1156 2264 1289 2346 credidi,
1309 2264 1461 2350 quodque

269 2390 345 2436 sero
370 2370 544 2436 admodum
568 2372 707 2453 adverti,
724 2379 816 2438 certe
840 2373 910 2438 sine
934 2372 1052 2437 invidis
1076 2392 1141 2437 non
1162 2393 1243 2435 sum.
1261 2371 1359 2455 Atqui
1385 2377 1461 2437 ante

176 2477 224 2543 15
272 2476 391 2542 multos
415 2497 519 2543 annos
542 2478 671 2562 quando
695 2478 846 2564 equidem
869 2478 903 2543 in
920 2498 973 2543 me
989 2478 1115 2564 magnis
1140 2475 1308 2543 affectibus
1331 2476 1461 2557 licebat,

271 2603 337 2648 non
373 2583 476 2649 verbo
511 2591 567 2650 aut
601 2585 723 2670 scripto
759 2586 920 2670 quolibet,
957 2585 1014 2650 sed
1048 2584 1196 2650 carmine
1231 2584 1272 2648 ad
1300 2583 1463 2669 insignem

236 2677 238 2680 ⁵
267 2691 432 2775 quendam
456 2691 564 2756 virum
588 2692 697 2775 misso,
717 2693 937 2760 conscientiae
961 2692 1064 2758 fidens
1090 2691 1236 2778 profiteri
1260 2712 1357 2756 ausus
1378 2712 1462 2769 sum,

267 2817 320 2863 me
343 2796 424 2861 nihil
447 2797 505 2862 ulli
521 2799 690 2863 hominum
713 2799 874 2865 invidere.
892 2800 955 2866 Sed
980 2806 1069 2866 esto:
1095 2820 1160 2865 non
1177 2799 1237 2864 sim
1260 2798 1378 2885 dignus
1403 2798 1456 2864 cui

269 2905 436 2970 credatur.
461 2906 568 2982 Quam
584 2907 717 2972 tandem
741 2907 813 2973 veri
831 2908 951 2973 faciem
973 2909 1072 2974 habet
1096 2913 1132 2973 ut
1154 2906 1320 2972 invideam
1335 2906 1382 2970 illi
1405 2907 1461 2991 qui

175 3012 221 3077 20
269 3011 303 3076 in
326 3011 376 3077 his
399 3018 541 3078 aetatem
575 3020 678 3079 totam
701 3014 816 3099 posuit,
842 3014 875 3078 in
910 3014 1027 3098 quibus
1052 3035 1115 3101 ego
1138 3013 1194 3078 vix
1218 3013 1461 3080 adulescentiae

268 3116 386 3184 florem
409 3120 634 3204 primitiasque
659 3121 835 3205 posuerim,
854 3127 889 3186 ut
911 3121 996 3206 quod
1020 3121 1066 3185 illi
1090 3120 1267 3186 artificium
1284 3119 1394 3186 nescio
1418 3141 1462 3186 an

246 3304 248 3311 Ι
270 3204 415 3308 unicirm,
438 3227 493 3293 sed
518 3228 666 3312 profecto
689 3248 881 3313 supremum
897 3228 966 3309 fuit,
984 3227 1062 3292 mihi
1086 3228 1176 3294 iocus
1193 3233 1291 3313 atque
1307 3227 1463 3292 solatium

267 3331 369 3398 fuerit
393 3333 515 3419 ingenii
538 3334 786 3399 rudimentum?
812 3335 891 3410 Quis
916 3335 978 3417 hic,
1010 3355 1137 3420 precor,
1169 3334 1311 3400 invidiae
1342 3334 1459 3400 locust

266 3439 403 3515 Quaeve
417 3441 556 3526 suspicio
569 3440 637 3506 6611
652 3442 733 3506 Nam
747 3443 834 3526 quod
850 3442 937 3508 inter
951 3442 1063 3507 laudes
1076 3441 1195 3522 dixisti,
1211 3440 1352 3525 potuisse
1366 3441 1460 3506 illum

175 3547 220 3613 25
265 3546 293 3610 si
317 3546 473 3613 voluisset
496 3547 559 3613 alio
583 3547 656 3613 stilo
681 3548 738 3628 uti,
763 3549 864 3613 credo
888 3549 1034 3634 aedepol.
1059 3550 1180 3634 Magna
1201 3547 1289 3612 enim
1316 3548 1396 3613 mihi
1420 3548 1461 3614 de

265 3653 399 3740 ingenio
417 3653 487 3719 eius
506 3654 614 3738 opinio
638 3661 701 3720 est:
726 3655 870 3740 potuisse
886 3655 976 3720 enim
994 3655 1103 3720 omnia
1126 3655 1243 3741 quibus
1259 3654 1461 3733 intendisset,

266 3781 356 3828 nunc
373 3781 415 3826 ex
433 3762 550 3846 quibus
566 3760 745 3827 intenderit
760 3762 868 3847 palam
884 3769 942 3828 est.
960 3764 1002 3829 Et
1022 3770 1090 3829 esto
1113 3763 1248 3830 iterum:
1274 3762 1461 3841 intenderit,
1499 3759 1501 3763 ’

266 3869 432 3952 potuerit,
463 3868 664 3954 impleverit;
698 3869 774 3954 qnid
811 3870 945 3936 tandem
981 3853 1074 3950 ideo,
1108 3891 1237 3956 quaeve
1272 3870 1346 3935 inde
1385 3869 1464 3934 mihi

264 3974 408 4040 invidiae
437 3982 470 4041 et
505 3996 570 4040 non
607 3975 713 4061 potius
748 3976 860 4062 gaudii
893 3977 1053 4043 material
1079 3979 1123 4044 At
1146 3979 1199 4044 oui
1223 3979 1355 4044 tandem
1378 3976 1464 4042 invi-

176 4081 220 4147 30
266 4081 342 4147 deat
377 4082 433 4167 qui
466 4082 607 4167 Virgilio
643 4103 708 4148 non
745 4081 896 4149 invidetl
934 4084 1000 4148 Nisi
1024 4084 1111 4150 16116
1147 4085 1207 4150 sibi
1242 4085 1405 4150 fullonum
1429 4089 1463 4149 61

267 4209 453 4274 cauponum
487 4197 520 4255 et
545 4190 741 4256 lanistarum
776 4196 1027 4272 ceterorumve,
1052 4192 1107 4277 qui
1137 4210 1219 4277 quos
1244 4191 1356 4257 volunt
1391 4190 1463 4255 lau·

265 4295 345 4361 dare
369 4295 568 4380 vituperant,
605 4298 758 4381 plausum
781 4304 814 4362 61
838 4317 977 4362 raucum
1012 4317 1163 4362 murmur
1189 4297 1364 4374 invideam,
1389 4295 1461 4382 qui-

265 4403 327 4468 bus
350 4424 427 4468 oum
450 4404 519 4488 ipso
548 4404 694 4489 Virgilio
718 4424 859 4489 cumque
891 4406 1038 4470 Homero
1061 4424 1180 4470 carere
1211 4424 1264 4469 me
1299 4403 1463 4490 gratulor.

266 4509 349 4574 Novi
374 4509 463 4575 enim
497 4510 606 4594 quanti
631 4511 672 4576 sit
706 4511 792 4595 apud
815 4510 926 4577 doctos
961 4511 1169 4577 indoctorum
1191 4511 1283 4576 laus:
1321 4509 1375 4576 vel
1403 4509 1464 4574 nisi

175 4615 219 4682 35
267 4622 468 4682 mantuanus
503 4615 680 4683 florentino
704 4617 776 4682 cive
814 4617 893 4681 mihi
924 4618 1035 4683 carior
1065 4623 1115 4683 661
1143 4617 1343 4697 credendus,
1378 4615 1464 4701 quod

267 4723 363 4812 origo
386 4744 447 4812 per
476 4745 512 4791 66
535 4724 648 4810 ipsam,
678 4724 740 4790 nisi
763 4724 840 4811 quid
871 4724 958 4790 aliud
982 4724 1170 4803 accesserit,
1201 4744 1268 4791 non
1292 4727 1463 4789 meretur:
