3284 5750
90 422 244 521 κ
1415 427 1461 490 «ν

239 528 283 594 70
685 546 870 596 ramessen
901 546 1073 596 rsrnlnca

193 724 196 729 '
235 723 364 779 cortesie
384 722 403 777 li
424 723 593 780 rimandae
607 725 767 792 Cartagine
787 727 828 794 (v.
850 728 972 793 91-123).
994 726 1078 782 ldue
1098 726 1278 782 condottieri
1299 727 1434 783 hannoa
1453 729 1520 782 Nar·

235 816 309 870 gara
328 818 370 858 uu
391 804 541 872 colloquio
561 804 759 874 (v.1at-215);
782 806 930 861 Annibale
950 820 1084 876 propone
1104 821 1147 862 un
1168 813 1292 863 trattato
1314 808 1346 863 di
1370 823 1455 878 pace,
1474 810 1520 878 pel

235 884 325 953 quale
346 882 468 938 l’At'rica
488 885 531 938 sia
553 885 673 941 lasciata
693 887 721 940 31
741 887 928 952 Cartaginesi
950 888 992 954 (v.
1006 889 1147 953 216-3651,
1169 901 1219 942 ma
1238 889 1378 958 Scipione
1399 889 1520 957 sdegno-

234 969 371 1018 semente
391 962 419 1017 lo
432 963 534 1019 ritluta
553 965 594 1031 (v.
609 966 749 1032 adorta).
772 966 856 1021 ldue
876 968 1012 1032 generali
1033 967 1191 1023 ritornano
1205 967 1235 1021 31
1254 982 1362 1037 campo
1381 970 1437 1024 esi
1456 984 1519 1038 pre-

232 1057 348 1113 parano
367 1043 426 1098 3113
440 1043 582 1110 battaglia
597 1046 638 1110 (r.
655 1047 793 1114 449-499).
814 1048 969 1102 Frattauto
989 1047 1017 1102 le
1036 1047 1096 1103 due
1113 1050 1180 1112 Dee,
1200 1049 1296 1103 Roma
1315 1063 1332 1104 e
1350 1051 1517 1117 cartagine,

234 1122 359 1188 salgono
377 1121 408 1176 in
429 1122 514 1188 cielo,
536 1123 572 1178 ad
596 1125 739 1180 invocare
758 1126 901 1180 ciascuna
922 1140 975 1196 per
995 1126 1017 1180 il
1039 1141 1095 1182 suo
1114 1128 1222 1196 popolo
1242 1127 1352 1184 l'aiulo
1372 1129 1452 1196 degli
1472 1131 1519 1183 Dei

234 1202 385 1270 (lae-523).
406 1203 463 1256 Per
482 1201 510 1257 la
529 1203 629 1272 prima
650 1205 735 1273 parla
755 1206 931 1272 cartagine:

327 1399 344 1433 «
370 1372 449 1439 En⁹⁶
471 1373 643 1461 (quantum
666 1371 794 1438 facinus
804 1371 826 1459 1)
852 1373 989 1438 Iunonia
1013 1374 1148 1460 longum

236 1480 303 1545 525
329 1482 473 1567 Hospita,
498 1488 531 1548 et
554 1488 728 1547 aeternum
752 1479 819 1546 fato
842 1487 1007 1546 statuente
1030 1482 1154 1562 futura,

322 1589 446 1655 Tentor
470 1589 512 1654 ab
536 1587 649 1654 1131131
675 1608 736 1653 330
761 1593 808 1653 131
832 1608 891 1652 333
914 1587 1054 1652 vulnera
1079 1594 1227 1673 prosunt,

324 1695 393 1762 Nec
415 1696 511 1781 quod,
535 1696 561 1760 si
585 1716 651 1780 qna
676 1693 756 1760 fides
780 1694 906 1780 gladiis,
930 1693 1029 1761 letale
1052 1694 1174 1780 putavi,

324 1802 517 1868 Cannarum
541 1801 754 1868 memoranda
779 1800 858 1867 dies,
883 1801 911 1866 Ο
936 1802 1003 1867 1313
1027 1802 1165 1867 deorum

322 1910 434 1976 Durat
459 1910 558 1976 Bonis
582 1910 680 1976 liceat
703 1909 805 1974 iustas
830 1909 958 1974 inferre
982 1909 1145 1994 querelas,

239 2015 305 2082 530
328 2016 370 2083 Et
393 2017 485 2083 caelo
508 2037 574 2082 non
598 2015 673 2082 ficta
697 2015 794 2101 loqui.
820 2016 949 2081 Natura
972 2015 1115 2101 benigne

325 2124 454 2189 Mecum
478 2124 554 2210 egit,
580 2124 708 2189 fateor:
733 2121 843 2206 superi
870 2121 1028 2187 invidistis
1052 2122 1175 2189 acerbi.

326 2230 485 2315 AEquoris
507 2229 658 2295 immensi
682 2228 907 2314 pulcherrima
930 2229 1041 2294 littora
1064 2230 1209 2299 clemens

326 2336 384 2401 1113
408 2336 487 2401 mihi
511 2337 637 2402 circum
660 2335 806 2412 dederat,
833 2343 1011 2420 portusque
1035 2336 1189 2402 decorem

325 2435 515 2516 Addiderat,
539 2434 688 2518 caelique
712 2433 828 2506 aderat
851 2433 1025 2500 clementia
1048 2434 1157 2500 blandi

235 2540 301 2605 535
323 2542 365 2607 Et
389 2542 577 2626 vespertino
600 2541 737 2606 veniens
761 2541 803 2606 ab
826 2560 889 2605 axe
913 2542 1039 2606 Favoni

322 2647 456 2713 Dulcior
480 2645 608 2715 afflatus
631 2647 841 2732 Zephyrique
867 2646 1030 2732 tepentior
1058 2667 1151 2712 aura.

324 2754 457 2821 Littoris
481 2754 610 2820 adversi
636 2755 742 2840 frigus
765 2754 904 2839 glaciale
929 2753 1090 2832 videbam,

324 2862 365 2928 Et
387 2869 459 2948 post
482 2870 578 2949 terga
603 2882 725 2948 graves
749 2882 897 2928 exurere
920 2868 1038 2927 cuncta
1062 2861 1201 2927 calores.

324 2971 396 3056 Ipsa
420 2990 494 3036 meo
517 2976 669 3036 contenta
693 2970 757 3034 situ
782 2968 961 3053 mediisque
984 2968 1122 3035 fruebar

233 3076 299 3142 510
322 3077 423 3143 Laeta
448 3076 563 3141 bonis:
588 3081 719 3161 poterat
742 3082 855 3141 terrae
879 3075 1030 3140 caelestis
1054 3075 1163 3161 imago
1238 3150 1242 3155 ,

324 3184 428 3264 Vera,
452 3183 514 3247 nisi
538 3182 644 3263 fallor,
669 3181 891 3266 spectantibus
914 3181 970 3247 illa
993 3181 1110 3247 videri.

321 3290 414 3355 Adde
438 3295 485 3355 tot
507 3290 652 3355 illustres
677 3296 770 3354 natos
792 3289 975 3373 Martisque
998 3286 1162 3354 secundiW

323 3398 383 3462 Tot
407 3396 526 3472 titulos
552 3404 598 3462 tot
621 3402 714 3481 gesta
738 3395 829 3460 ducis
853 3395 1039 3480 famamque
1068 3416 1244 3461 sonoram:

321 3505 394 3569 Non
417 3504 484 3584 tibi,
508 3505 609 3580 Mars,
634 3503 659 3567 si
684 3502 776 3567 illum
799 3503 943 3568 fratrem
972 3502 1110 3585 fateare,
1135 3502 1334 3589 pudendum.

232 3610 298 3677 515
319 3612 414 3677 Hunc
438 3630 502 3696 quo
526 3610 592 3676 fata
618 3609 728 3673 virum
753 3616 938 3693 rapuerunt
961 3608 1072 3673 invida
1096 3608 1212 3674 furtim

321 3719 493 3802 Tempore,
519 3716 691 3802 vulgatum
714 3720 773 3781 331.
799 3716 946 3791 Quantos
970 3722 1049 3781 tunc
1072 3714 1290 3801 illeparatus

320 3825 426 3891 Orsus
450 3832 533 3902 erat,
558 3842 744 3907 nomenque
769 3842 880 3887 meum
903 3842 967 3906 quo
991 3822 1083 3888 ferre
1107 3823 1252 3908 putabat,
1297 3811 1299 3815 ⁸

320 3931 460 3996 Infelix!
485 3937 607 4016 quanto
630 3928 776 4016 flagrans
800 3928 970 4015 genitricis
993 3929 1129 3996 amorel

321 4038 413 4105 Mitto
437 4037 526 4120 alios,
551 4058 628 4102 nam
651 4057 772 4122 magua
797 4036 876 4100 mihi
899 4055 1144 4122 numerosaque
1167 4038 1267 4103 turba
1291 4044 1352 4105 est.

230 4144 297 4211 550
320 4147 450 4222 Quanta
475 4144 553 4209 mihi
576 4164 683 4229 nuper
707 4143 878 4229 qualisque
902 4142 1079 4208 novissima
1104 4144 1213 4228 proles

321 4251 529 4338 Contigerat!
553 4252 685 4329 Fateor,
710 4249 832 4335 superi,
858 4250 1061 4335 mordaxque
1086 4250 1203 4317 fatenti

257 4373 260 4377 ’
319 4358 445 4424 Invidia
467 4358 621 4424 absistat:
646 4377 712 4422 non
737 4356 840 4421 ullum
865 4356 959 4443 regia
982 4356 1087 4443 pascit

318 4465 480 4531 Maiorem
503 4485 667 4552 generosa
691 4464 786 4529 lovis.
811 4464 891 4540 Quis
915 4464 1032 4529 fervor
1055 4463 1089 4528 in
1114 4464 1181 4531 ullo

318 4574 386 4640 Par
410 4572 481 4657 fuit,
506 4593 548 4639 ex
571 4593 636 4659 quo
659 4571 878 4637 Prometheus
901 4570 1057 4637 subduxit
1080 4569 1121 4636 ab
1144 4570 1243 4638 astris
