<?xml version="1.0" encoding="UTF-8"?>
<!DOCTYPE html PUBLIC "-//W3C//DTD XHTML 1.0 Transitional//EN"
    "http://www.w3.org/TR/xhtml1/DTD/xhtml1-transitional.dtd">
<html xmlns="http://www.w3.org/1999/xhtml" xml:lang="en" lang="en">
 <head>
  <title>
</title>
<meta http-equiv="Content-Type" content="text/html;charset=utf-8" />
  <meta name='ocr-system' content='tesseract 3.04.00' />
  <meta name='ocr-capabilities' content='ocr_page ocr_carea ocr_par ocr_line ocrx_word'/>
</head>
<body>
  <div class='ocr_page' id='page_1' title='image "./operelatineanto00petrgoog_0198.png"; bbox 0 0 3284 5750; ppageno 0'>
   <div class='ocr_carea' id='block_1_1' title="bbox 427 1054 1105 1166">
    <p class='ocr_par' dir='ltr' id='par_1_1' title="bbox 427 1054 1105 1166">
     <span class='ocr_line' id='line_1_1' title="bbox 427 1054 1105 1166; baseline 0.003 -7"><span class='ocrx_word' id='word_1_1' title='bbox 427 1055 798 1161; x_wconf 80' lang='lat' dir='ltr'>EPlSTULAE</span> <span class='ocrx_word' id='word_1_2' title='bbox 845 1054 1105 1166; x_wconf 78' lang='lat' dir='ltr'>VAltlAE*</span> 
     </span>
    </p>
   </div>
   <div class='ocr_carea' id='block_1_2' title="bbox 301 1573 1227 1633">
    <p class='ocr_par' dir='ltr' id='par_1_2' title="bbox 301 1573 1227 1633">
     <span class='ocr_line' id='line_1_2' title="bbox 301 1573 1227 1633; baseline -0.001 -2"><span class='ocrx_word' id='word_1_3' title='bbox 301 1575 486 1633; x_wconf 81' lang='lat' dir='ltr'>Franclscns</span> <span class='ocrx_word' id='word_1_4' title='bbox 505 1576 654 1632; x_wconf 80' lang='lat' dir='ltr'>Patr-arcu</span> <span class='ocrx_word' id='word_1_5' title='bbox 672 1575 798 1633; x_wconf 81' lang='lat' dir='ltr'>Urbano</span> <span class='ocrx_word' id='word_1_6' title='bbox 817 1573 861 1633; x_wconf 72' lang='lat' dir='ltr'>pi</span> <span class='ocrx_word' id='word_1_7' title='bbox 882 1575 974 1631; x_wconf 87' lang='lat' dir='ltr'>Pont.</span> <span class='ocrx_word' id='word_1_8' title='bbox 987 1576 1070 1631; x_wconf 79' lang='lat' dir='ltr'>ilex.</span> <span class='ocrx_word' id='word_1_9' title='bbox 1095 1575 1127 1632; x_wconf 84' lang='lat' dir='ltr'>S.</span> <span class='ocrx_word' id='word_1_10' title='bbox 1140 1576 1176 1631; x_wconf 88' lang='lat' dir='ltr'>P.</span> <span class='ocrx_word' id='word_1_11' title='bbox 1189 1575 1227 1631; x_wconf 85' lang='grc' dir='ltr'>Ι).</span> 
     </span>
    </p>
   </div>
   <div class='ocr_carea' id='block_1_3' title="bbox 149 1770 1409 4426">
    <p class='ocr_par' dir='ltr' id='par_1_3' title="bbox 209 1770 1407 2181">
     <span class='ocr_line' id='line_1_3' title="bbox 299 1770 1406 1859; baseline -0.002 -22"><span class='ocrx_word' id='word_1_12' title='bbox 299 1772 351 1837; x_wconf 86' lang='lat' dir='ltr'>Ad</span> <span class='ocrx_word' id='word_1_13' title='bbox 374 1779 498 1839; x_wconf 90' lang='lat' dir='ltr'>motum</span> <span class='ocrx_word' id='word_1_14' title='bbox 514 1772 621 1859; x_wconf 91' lang='lat' dir='ltr'>spousi</span> <span class='ocrx_word' id='word_1_15' title='bbox 639 1778 730 1839; x_wconf 89' lang='lat' dir='ltr'>astra</span> <span class='ocrx_word' id='word_1_16' title='bbox 749 1779 934 1849; x_wconf 90' lang='lat' dir='ltr'>moventur,</span> <span class='ocrx_word' id='word_1_17' title='bbox 953 1772 1114 1858; x_wconf 89' lang='lat' dir='ltr'>spondent</span> <span class='ocrx_word' id='word_1_18' title='bbox 1131 1770 1269 1857; x_wconf 87' lang='lat' dir='ltr'>pluvias,</span> <span class='ocrx_word' id='word_1_19' title='bbox 1286 1776 1406 1837; x_wconf 88' lang='lat' dir='ltr'>ventus</span> 
     </span>
     <span class='ocr_line' id='line_1_4' title="bbox 209 1878 1406 1966; baseline 0.001 -22"><span class='ocrx_word' id='word_1_20' title='bbox 209 1879 362 1961; x_wconf 79' lang='lat' dir='ltr'>incitant,</span> <span class='ocrx_word' id='word_1_21' title='bbox 387 1881 524 1947; x_wconf 89' lang='lat' dir='ltr'>turbant</span> <span class='ocrx_word' id='word_1_22' title='bbox 558 1880 679 1957; x_wconf 90' lang='lat' dir='ltr'>maria,</span> <span class='ocrx_word' id='word_1_23' title='bbox 705 1900 785 1946; x_wconf 92' lang='lat' dir='ltr'>aera</span> <span class='ocrx_word' id='word_1_24' title='bbox 823 1879 978 1966; x_wconf 90' lang='lat' dir='ltr'>lugubria</span> <span class='ocrx_word' id='word_1_25' title='bbox 1014 1878 1171 1960; x_wconf 88' lang='lat' dir='ltr'>reddunt,</span> <span class='ocrx_word' id='word_1_26' title='bbox 1200 1878 1406 1964; x_wconf 71' lang='lat' dir='ltr'>ingurgitant</span> 
     </span>
     <span class='ocr_line' id='line_1_5' title="bbox 210 1986 1404 2073; baseline 0 -22"><span class='ocrx_word' id='word_1_27' title='bbox 210 1986 363 2073; x_wconf 88' lang='lat' dir='ltr'>gramina</span> <span class='ocrx_word' id='word_1_28' title='bbox 387 1987 503 2073; x_wconf 89' lang='lat' dir='ltr'>campi,</span> <span class='ocrx_word' id='word_1_29' title='bbox 529 1987 741 2053; x_wconf 86' lang='lat' dir='ltr'>emolliuntur</span> <span class='ocrx_word' id='word_1_30' title='bbox 765 1993 798 2054; x_wconf 88' lang='lat' dir='ltr'>et</span> <span class='ocrx_word' id='word_1_31' title='bbox 813 1986 947 2053; x_wconf 89' lang='lat' dir='ltr'>madent</span> <span class='ocrx_word' id='word_1_32' title='bbox 970 1986 1113 2071; x_wconf 90' lang='lat' dir='ltr'>undique</span> <span class='ocrx_word' id='word_1_33' title='bbox 1137 2006 1255 2072; x_wconf 89' lang='lat' dir='ltr'>aspera</span> <span class='ocrx_word' id='word_1_34' title='bbox 1281 1992 1404 2051; x_wconf 87' lang='lat' dir='ltr'>terrae.</span> 
     </span>
     <span class='ocr_line' id='line_1_6' title="bbox 210 2078 1407 2181; baseline 0 -22"><span class='ocrx_word' id='word_1_35' title='bbox 210 2095 280 2160; x_wconf 92' lang='lat' dir='ltr'>Nec</span> <span class='ocrx_word' id='word_1_36' title='bbox 302 2094 424 2160; x_wconf 90' lang='lat' dir='ltr'>mirum</span> <span class='ocrx_word' id='word_1_37' title='bbox 447 2096 474 2159; x_wconf 93' lang='lat' dir='ltr'>si</span> <span class='ocrx_word' id='word_1_38' title='bbox 497 2096 606 2162; x_wconf 90' lang='lat' dir='ltr'>omnia</span> <span class='ocrx_word' id='word_1_39' title='bbox 630 2095 754 2179; x_wconf 90' lang='lat' dir='ltr'>lugent,</span> <span class='ocrx_word' id='word_1_40' title='bbox 779 2095 853 2181; x_wconf 89' lang='lat' dir='ltr'>quia</span> <span class='ocrx_word' id='word_1_41' title='bbox 878 2116 897 2160; x_wconf 94' lang='lat' dir='ltr'>a</span> <span class='ocrx_word' id='word_1_42' title='bbox 921 2093 1065 2180; x_wconf 83' lang='lat' dir='ltr'>principe</span> <span class='ocrx_word' id='word_1_43' title='bbox 1090 2078 1319 2159; x_wconf 75' lang='lat' dir='ltr'>monarchiae²</span> <span class='ocrx_word' id='word_1_44' title='bbox 1335 2094 1407 2159; x_wconf 89' lang='lat' dir='ltr'>looo</span> 
     </span>
    </p>

    <p class='ocr_par' dir='ltr' id='par_1_4' title="bbox 149 2200 1407 2715">
     <span class='ocr_line' id='line_1_7' title="bbox 149 2200 1405 2285; baseline -0.002 -18"><span class='ocrx_word' id='word_1_45' title='bbox 149 2201 167 2267; x_wconf 88' lang='lat'><strong>5</strong></span> <span class='ocrx_word' id='word_1_46' title='bbox 212 2202 410 2268; x_wconf 90' lang='lat' dir='ltr'>universalis</span> <span class='ocrx_word' id='word_1_47' title='bbox 445 2202 636 2269; x_wconf 83' lang='lat' dir='ltr'>monarchia</span> <span class='ocrx_word' id='word_1_48' title='bbox 671 2202 812 2284; x_wconf 87' lang='lat' dir='ltr'>recedit,</span> <span class='ocrx_word' id='word_1_49' title='bbox 837 2202 991 2268; x_wconf 91' lang='lat' dir='ltr'>deserens</span> <span class='ocrx_word' id='word_1_50' title='bbox 1027 2201 1145 2267; x_wconf 88' lang='lat' dir='ltr'>urbem</span> <span class='ocrx_word' id='word_1_51' title='bbox 1181 2207 1278 2285; x_wconf 89' lang='lat' dir='ltr'>caput</span> <span class='ocrx_word' id='word_1_52' title='bbox 1301 2200 1405 2278; x_wconf 90' lang='lat' dir='ltr'>orbis,</span> 
     </span>
     <span class='ocr_line' id='line_1_8' title="bbox 211 2306 1407 2395; baseline -0.003 -21"><span class='ocrx_word' id='word_1_53' title='bbox 211 2308 444 2394; x_wconf 88' lang='lat' dir='ltr'>derelinquens</span> <span class='ocrx_word' id='word_1_54' title='bbox 461 2309 587 2375; x_wconf 91' lang='lat' dir='ltr'>Italiam</span> <span class='ocrx_word' id='word_1_55' title='bbox 604 2310 809 2395; x_wconf 87' lang='lat' dir='ltr'>provinciam</span> <span class='ocrx_word' id='word_1_56' title='bbox 827 2308 1007 2394; x_wconf 89' lang='lat' dir='ltr'>principem</span> <span class='ocrx_word' id='word_1_57' title='bbox 1021 2316 1245 2393; x_wconf 86' lang='lat' dir='ltr'>tyrannorum</span> <span class='ocrx_word' id='word_1_58' title='bbox 1256 2306 1407 2373; x_wconf 88' lang='lat' dir='ltr'>faucibus</span> 
     </span>
     <span class='ocr_line' id='line_1_9' title="bbox 209 2414 1406 2500; baseline -0.002 -21"><span class='ocrx_word' id='word_1_59' title='bbox 209 2414 454 2482; x_wconf 86' lang='lat' dir='ltr'>verisimiliter³</span> <span class='ocrx_word' id='word_1_60' title='bbox 466 2416 689 2482; x_wconf 74' lang='lat' dir='ltr'>lacerandam.</span> <span class='ocrx_word' id='word_1_61' title='bbox 702 2418 745 2482; x_wconf 87' lang='lat' dir='ltr'>Et</span> <span class='ocrx_word' id='word_1_62' title='bbox 761 2422 797 2482; x_wconf 91' lang='lat' dir='ltr'>ut</span> <span class='ocrx_word' id='word_1_63' title='bbox 808 2415 988 2483; x_wconf 90' lang='lat' dir='ltr'>secundum</span> <span class='ocrx_word' id='word_1_64' title='bbox 1000 2414 1192 2500; x_wconf 84' lang='lat' dir='ltr'>Apostolum</span> <span class='ocrx_word' id='word_1_65' title='bbox 1209 2421 1406 2480; x_wconf 81' lang='lat' dir='ltr'>reverenter</span> 
     </span>
     <span class='ocr_line' id='line_1_10' title="bbox 210 2520 1404 2607; baseline -0.003 -19"><span class='ocrx_word' id='word_1_66' title='bbox 210 2521 378 2607; x_wconf 89' lang='lat' dir='ltr'>adloquar,</span> <span class='ocrx_word' id='word_1_67' title='bbox 402 2522 547 2589; x_wconf 89' lang='lat' dir='ltr'>luctuose</span> <span class='ocrx_word' id='word_1_68' title='bbox 570 2523 627 2589; x_wconf 87' lang='lat' dir='ltr'>sed</span> <span class='ocrx_word' id='word_1_69' title='bbox 650 2522 791 2589; x_wconf 85' lang='lat' dir='ltr'>forsitan</span> <span class='ocrx_word' id='word_1_70' title='bbox 812 2522 981 2589; x_wconf 87' lang='lat' dir='ltr'>fructuose</span> <span class='ocrx_word' id='word_1_71' title='bbox 1004 2528 1093 2588; x_wconf 88' lang='lat' dir='ltr'>tuam</span> <span class='ocrx_word' id='word_1_72' title='bbox 1117 2522 1255 2587; x_wconf 92' lang='lat' dir='ltr'>obsecro</span> <span class='ocrx_word' id='word_1_73' title='bbox 1284 2520 1404 2587; x_wconf 87' lang='lat' dir='ltr'>sancti-</span> 
     </span>
     <span class='ocr_line' id='line_1_11' title="bbox 209 2627 1407 2715; baseline -0.002 -20"><span class='ocrx_word' id='word_1_74' title='bbox 209 2636 320 2706; x_wconf 84' lang='lat' dir='ltr'>tatem,</span> <span class='ocrx_word' id='word_1_75' title='bbox 337 2630 440 2695; x_wconf 89' lang='lat' dir='ltr'>Pater</span> <span class='ocrx_word' id='word_1_76' title='bbox 454 2630 598 2695; x_wconf 89' lang='lat' dir='ltr'>Urbane.</span> <span class='ocrx_word' id='word_1_77' title='bbox 611 2631 787 2705; x_wconf 88' lang='lat' dir='ltr'>Memento,</span> <span class='ocrx_word' id='word_1_78' title='bbox 804 2648 937 2715; x_wconf 88' lang='lat' dir='ltr'>quaeso,</span> <span class='ocrx_word' id='word_1_79' title='bbox 952 2628 1038 2714; x_wconf 89' lang='lat' dir='ltr'>quod</span> <span class='ocrx_word' id='word_1_80' title='bbox 1059 2627 1245 2694; x_wconf 88' lang='lat' dir='ltr'>Paraclitus</span> <span class='ocrx_word' id='word_1_81' title='bbox 1261 2634 1294 2693; x_wconf 86' lang='lat' dir='ltr'>te</span> <span class='ocrx_word' id='word_1_82' title='bbox 1309 2647 1407 2713; x_wconf 92' lang='lat' dir='ltr'>prae·</span> 
     </span>
    </p>

    <p class='ocr_par' dir='ltr' id='par_1_5' title="bbox 149 2734 1409 3250">
     <span class='ocr_line' id='line_1_12' title="bbox 149 2734 1409 2822; baseline -0.001 -21"><span class='ocrx_word' id='word_1_83' title='bbox 149 2737 166 2801; x_wconf 75' lang='lat' dir='ltr'>t</span> <span class='ocrx_word' id='word_1_84' title='bbox 213 2735 328 2821; x_wconf 89' lang='lat' dir='ltr'>posuit,</span> <span class='ocrx_word' id='word_1_85' title='bbox 338 2736 417 2821; x_wconf 88' lang='lat' dir='ltr'>quin</span> <span class='ocrx_word' id='word_1_86' title='bbox 430 2736 495 2801; x_wconf 94' lang='lat' dir='ltr'>imo</span> <span class='ocrx_word' id='word_1_87' title='bbox 508 2743 541 2802; x_wconf 85' lang='lat' dir='ltr'>et</span> <span class='ocrx_word' id='word_1_88' title='bbox 554 2736 741 2822; x_wconf 86' lang='lat' dir='ltr'>praeposuit</span> <span class='ocrx_word' id='word_1_89' title='bbox 754 2736 867 2818; x_wconf 87' lang='lat' dir='ltr'>Filius,</span> <span class='ocrx_word' id='word_1_90' title='bbox 880 2736 933 2822; x_wconf 90' lang='lat' dir='ltr'>qui</span> <span class='ocrx_word' id='word_1_91' title='bbox 948 2756 1063 2801; x_wconf 92' lang='lat' dir='ltr'>manus</span> <span class='ocrx_word' id='word_1_92' title='bbox 1076 2734 1188 2801; x_wconf 86' lang='lat' dir='ltr'>Patris</span> <span class='ocrx_word' id='word_1_93' title='bbox 1203 2735 1334 2817; x_wconf 89' lang='lat' dir='ltr'>dicitur,</span> <span class='ocrx_word' id='word_1_94' title='bbox 1350 2753 1409 2820; x_wconf 89' lang='lat' dir='ltr'>per</span> 
     </span>
     <span class='ocr_line' id='line_1_13' title="bbox 211 2842 1408 2930; baseline -0.001 -22"><span class='ocrx_word' id='word_1_95' title='bbox 211 2862 309 2929; x_wconf 89' lang='lat' dir='ltr'>quem</span> <span class='ocrx_word' id='word_1_96' title='bbox 325 2843 434 2909; x_wconf 89' lang='lat' dir='ltr'>omnia</span> <span class='ocrx_word' id='word_1_97' title='bbox 458 2843 545 2910; x_wconf 90' lang='lat' dir='ltr'>facta</span> <span class='ocrx_word' id='word_1_98' title='bbox 564 2850 650 2921; x_wconf 86' lang='lat' dir='ltr'>suut,</span> <span class='ocrx_word' id='word_1_99' title='bbox 667 2850 700 2911; x_wconf 89' lang='lat' dir='ltr'>et</span> <span class='ocrx_word' id='word_1_100' title='bbox 723 2863 782 2930; x_wconf 88' lang='lat' dir='ltr'>per</span> <span class='ocrx_word' id='word_1_101' title='bbox 806 2844 932 2910; x_wconf 86' lang='lat' dir='ltr'>fratres</span> <span class='ocrx_word' id='word_1_102' title='bbox 949 2851 1022 2910; x_wconf 90' lang='lat' dir='ltr'>tuos</span> <span class='ocrx_word' id='word_1_103' title='bbox 1039 2843 1094 2909; x_wconf 90' lang='lat' dir='ltr'>vel</span> <span class='ocrx_word' id='word_1_104' title='bbox 1111 2863 1187 2909; x_wconf 90' lang='lat' dir='ltr'>suos</span> <span class='ocrx_word' id='word_1_105' title='bbox 1203 2842 1408 2929; x_wconf 88' lang='lat' dir='ltr'>dignissimos</span> 
     </span>
     <span class='ocr_line' id='line_1_14' title="bbox 211 2944 1409 3036; baseline 0 -21"><span class='ocrx_word' id='word_1_106' title='bbox 211 2948 330 3036; x_wconf 88' lang='lat' dir='ltr'>digitos</span> <span class='ocrx_word' id='word_1_107' title='bbox 345 2957 378 3016; x_wconf 88' lang='lat' dir='ltr'>te</span> <span class='ocrx_word' id='word_1_108' title='bbox 394 2956 592 3017; x_wconf 84' lang='lat' dir='ltr'>cunctorum</span> <span class='ocrx_word' id='word_1_109' title='bbox 608 2949 738 3035; x_wconf 82' lang='lat' dir='ltr'>scripsit</span> <span class='ocrx_word' id='word_1_110' title='bbox 757 2949 789 3014; x_wconf 90' lang='lat' dir='ltr'>in</span> <span class='ocrx_word' id='word_1_111' title='bbox 808 2955 952 3036; x_wconf 88' lang='lat' dir='ltr'>patrem:</span> <span class='ocrx_word' id='word_1_112' title='bbox 973 2947 1268 3034; x_wconf 81' lang='lat' dir='ltr'>auctorizavitque⁴</span> <span class='ocrx_word' id='word_1_113' title='bbox 1280 2944 1409 3035; x_wconf 86' lang='lat' dir='ltr'>quoque</span> 
     </span>
     <span class='ocr_line' id='line_1_15' title="bbox 212 3055 1406 3142; baseline 0.002 -22"><span class='ocrx_word' id='word_1_114' title='bbox 212 3057 315 3122; x_wconf 92' lang='lat' dir='ltr'>Pater</span> <span class='ocrx_word' id='word_1_115' title='bbox 328 3056 412 3141; x_wconf 88' lang='lat' dir='ltr'>quod</span> <span class='ocrx_word' id='word_1_116' title='bbox 429 3056 469 3122; x_wconf 91' lang='lat' dir='ltr'>de</span> <span class='ocrx_word' id='word_1_117' title='bbox 485 3063 517 3123; x_wconf 86' lang='lat' dir='ltr'>te</span> <span class='ocrx_word' id='word_1_118' title='bbox 532 3056 666 3124; x_wconf 85' lang='lat' dir='ltr'>dictavit</span> <span class='ocrx_word' id='word_1_119' title='bbox 683 3056 796 3139; x_wconf 85' lang='lat' dir='ltr'>Filius,</span> <span class='ocrx_word' id='word_1_120' title='bbox 810 3063 843 3123; x_wconf 92' lang='lat' dir='ltr'>et</span> <span class='ocrx_word' id='word_1_121' title='bbox 859 3057 1000 3142; x_wconf 88' lang='lat' dir='ltr'>Spiritus</span> <span class='ocrx_word' id='word_1_122' title='bbox 1013 3056 1153 3123; x_wconf 88' lang='lat' dir='ltr'>Sanctus</span> <span class='ocrx_word' id='word_1_123' title='bbox 1165 3055 1313 3142; x_wconf 86' lang='lat' dir='ltr'>spiravit.</span> <span class='ocrx_word' id='word_1_124' title='bbox 1323 3058 1406 3123; x_wconf 85' lang='lat' dir='ltr'>Tota</span> 
     </span>
     <span class='ocr_line' id='line_1_16' title="bbox 213 3162 1407 3250; baseline 0 -23"><span class='ocrx_word' id='word_1_125' title='bbox 213 3162 369 3245; x_wconf 90' lang='lat' dir='ltr'>Trinitas,</span> <span class='ocrx_word' id='word_1_126' title='bbox 387 3163 480 3229; x_wconf 90' lang='lat' dir='ltr'>cuius</span> <span class='ocrx_word' id='word_1_127' title='bbox 497 3183 599 3250; x_wconf 90' lang='lat' dir='ltr'>opera</span> <span class='ocrx_word' id='word_1_128' title='bbox 615 3162 809 3250; x_wconf 89' lang='lat' dir='ltr'>separabilia</span> <span class='ocrx_word' id='word_1_129' title='bbox 835 3169 920 3241; x_wconf 91' lang='lat' dir='ltr'>sunt,</span> <span class='ocrx_word' id='word_1_130' title='bbox 945 3171 1080 3249; x_wconf 91' lang='lat' dir='ltr'>operata</span> <span class='ocrx_word' id='word_1_131' title='bbox 1098 3168 1149 3229; x_wconf 92' lang='lat' dir='ltr'>est</span> <span class='ocrx_word' id='word_1_132' title='bbox 1164 3162 1197 3226; x_wconf 91' lang='lat' dir='ltr'>in</span> <span class='ocrx_word' id='word_1_133' title='bbox 1214 3163 1261 3229; x_wconf 87' lang='lat' dir='ltr'>tui</span> <span class='ocrx_word' id='word_1_134' title='bbox 1278 3183 1407 3229; x_wconf 92' lang='lat' dir='ltr'>assum-</span> 
     </span>
    </p>

    <p class='ocr_par' dir='ltr' id='par_1_6' title="bbox 149 3269 1408 3777">
     <span class='ocr_line' id='line_1_17' title="bbox 149 3269 1408 3356; baseline 0.001 -21"><span class='ocrx_word' id='word_1_135' title='bbox 149 3271 165 3335; x_wconf 79' lang='lat'>5</span> <span class='ocrx_word' id='word_1_136' title='bbox 212 3269 553 3356; x_wconf 87' lang='lat' dir='ltr'>ptione⁵miraculum</span> <span class='ocrx_word' id='word_1_137' title='bbox 563 3272 656 3348; x_wconf 88' lang='lat' dir='ltr'>Quod</span> <span class='ocrx_word' id='word_1_138' title='bbox 669 3271 694 3336; x_wconf 91' lang='lat' dir='ltr'>si</span> <span class='ocrx_word' id='word_1_139' title='bbox 709 3272 758 3337; x_wconf 90' lang='lat' dir='ltr'>fas</span> <span class='ocrx_word' id='word_1_140' title='bbox 767 3279 853 3337; x_wconf 91' lang='lat' dir='ltr'>esset</span> <span class='ocrx_word' id='word_1_141' title='bbox 869 3270 974 3338; x_wconf 92' lang='lat' dir='ltr'>iuboc</span> <span class='ocrx_word' id='word_1_142' title='bbox 986 3270 1125 3356; x_wconf 90' lang='lat' dir='ltr'>amplius</span> <span class='ocrx_word' id='word_1_143' title='bbox 1137 3269 1318 3352; x_wconf 90' lang='lat' dir='ltr'>immorari,</span> <span class='ocrx_word' id='word_1_144' title='bbox 1327 3291 1408 3355; x_wconf 91' lang='lat' dir='ltr'>quae</span> 
     </span>
     <span class='ocr_line' id='line_1_18' title="bbox 211 3373 1407 3464; baseline -0.001 -22"><span class='ocrx_word' id='word_1_145' title='bbox 211 3377 246 3442; x_wconf 91' lang='lat' dir='ltr'>in</span> <span class='ocrx_word' id='word_1_146' title='bbox 269 3383 302 3443; x_wconf 91' lang='lat' dir='ltr'>te</span> <span class='ocrx_word' id='word_1_147' title='bbox 324 3383 358 3443; x_wconf 92' lang='lat' dir='ltr'>et</span> <span class='ocrx_word' id='word_1_148' title='bbox 381 3377 422 3443; x_wconf 92' lang='lat' dir='ltr'>de</span> <span class='ocrx_word' id='word_1_149' title='bbox 445 3384 477 3443; x_wconf 86' lang='lat' dir='ltr'>te</span> <span class='ocrx_word' id='word_1_150' title='bbox 500 3377 663 3443; x_wconf 92' lang='lat' dir='ltr'>mirabilia</span> <span class='ocrx_word' id='word_1_151' title='bbox 686 3373 779 3464; x_wconf 89' lang='lat' dir='ltr'>gesta</span> <span class='ocrx_word' id='word_1_152' title='bbox 796 3382 883 3460; x_wconf 90' lang='lat' dir='ltr'>sunt,</span> <span class='ocrx_word' id='word_1_153' title='bbox 901 3376 1026 3443; x_wconf 89' lang='lat' dir='ltr'>clarius</span> <span class='ocrx_word' id='word_1_154' title='bbox 1049 3376 1263 3462; x_wconf 82' lang='lat' dir='ltr'>explicarem.</span> <span class='ocrx_word' id='word_1_155' title='bbox 1282 3377 1344 3444; x_wconf 90' lang='lat' dir='ltr'>Sed</span> <span class='ocrx_word' id='word_1_156' title='bbox 1360 3377 1407 3441; x_wconf 93' lang='lat' dir='ltr'>illi</span> 
     </span>
     <span class='ocr_line' id='line_1_19' title="bbox 211 3483 1406 3571; baseline 0.002 -23"><span class='ocrx_word' id='word_1_157' title='bbox 211 3483 328 3569; x_wconf 91' lang='lat' dir='ltr'>loquor</span> <span class='ocrx_word' id='word_1_158' title='bbox 345 3484 400 3570; x_wconf 92' lang='lat' dir='ltr'>qui</span> <span class='ocrx_word' id='word_1_159' title='bbox 412 3486 475 3550; x_wconf 88' lang='lat' dir='ltr'>hoc</span> <span class='ocrx_word' id='word_1_160' title='bbox 489 3485 579 3550; x_wconf 87' lang='lat' dir='ltr'>novit</span> <span class='ocrx_word' id='word_1_161' title='bbox 596 3485 753 3571; x_wconf 90' lang='lat' dir='ltr'>apertius,</span> <span class='ocrx_word' id='word_1_162' title='bbox 766 3505 830 3551; x_wconf 88' lang='lat' dir='ltr'>nec</span> <span class='ocrx_word' id='word_1_163' title='bbox 846 3505 936 3551; x_wconf 91' lang='lat' dir='ltr'>nuuc</span> <span class='ocrx_word' id='word_1_164' title='bbox 951 3504 1104 3551; x_wconf 91' lang='lat' dir='ltr'>sermone</span> <span class='ocrx_word' id='word_1_165' title='bbox 1117 3505 1198 3571; x_wconf 91' lang='lat' dir='ltr'>opus</span> <span class='ocrx_word' id='word_1_166' title='bbox 1211 3491 1261 3552; x_wconf 88' lang='lat' dir='ltr'>est</span> <span class='ocrx_word' id='word_1_167' title='bbox 1276 3485 1406 3550; x_wconf 85' lang='lat' dir='ltr'>blando.</span> 
     </span>
     <span class='ocr_line' id='line_1_20' title="bbox 212 3591 1406 3677; baseline 0.001 -22"><span class='ocrx_word' id='word_1_168' title='bbox 212 3591 435 3675; x_wconf 84' lang='lat' dir='ltr'>lngemiscens</span> <span class='ocrx_word' id='word_1_169' title='bbox 458 3600 513 3658; x_wconf 92' lang='lat' dir='ltr'>tua</span> <span class='ocrx_word' id='word_1_170' title='bbox 536 3592 641 3677; x_wconf 88' lang='lat' dir='ltr'>inquit</span> <span class='ocrx_word' id='word_1_171' title='bbox 664 3592 772 3658; x_wconf 90' lang='lat' dir='ltr'>ltalia:</span> <span class='ocrx_word' id='word_1_172' title='bbox 801 3617 819 3653; x_wconf 82' lang='lat'><strong>«</strong></span> <span class='ocrx_word' id='word_1_173' title='bbox 844 3594 954 3669; x_wconf 88' lang='lat' dir='ltr'>Quum</span> <span class='ocrx_word' id='word_1_174' title='bbox 989 3591 1156 3657; x_wconf 88' lang='lat' dir='ltr'>ulceribus</span> <span class='ocrx_word' id='word_1_175' title='bbox 1191 3611 1299 3658; x_wconf 93' lang='lat' dir='ltr'>essem</span> <span class='ocrx_word' id='word_1_176' title='bbox 1333 3612 1406 3656; x_wconf 91' lang='lat' dir='ltr'>sau-</span> 
     </span>
     <span class='ocr_line' id='line_1_21' title="bbox 211 3698 1407 3777; baseline 0 -13"><span class='ocrx_word' id='word_1_177' title='bbox 211 3698 297 3764; x_wconf 89' lang='lat' dir='ltr'>ciata</span> <span class='ocrx_word' id='word_1_178' title='bbox 321 3700 511 3777; x_wconf 84' lang='lat' dir='ltr'>mortiferis,</span> <span class='ocrx_word' id='word_1_179' title='bbox 533 3699 573 3765; x_wconf 93' lang='lat' dir='ltr'>ad</span> <span class='ocrx_word' id='word_1_180' title='bbox 600 3719 651 3765; x_wconf 87' lang='lat' dir='ltr'>me</span> <span class='ocrx_word' id='word_1_181' title='bbox 675 3705 805 3766; x_wconf 84' lang='lat' dir='ltr'>etmea</span> <span class='ocrx_word' id='word_1_182' title='bbox 830 3719 955 3765; x_wconf 92' lang='lat' dir='ltr'>curare</span> <span class='ocrx_word' id='word_1_183' title='bbox 978 3699 1120 3764; x_wconf 88' lang='lat' dir='ltr'>vulnera</span> <span class='ocrx_word' id='word_1_184' title='bbox 1144 3698 1349 3775; x_wconf 87' lang='lat' dir='ltr'>descendisti,</span> <span class='ocrx_word' id='word_1_185' title='bbox 1375 3706 1407 3764; x_wconf 89' lang='lat' dir='ltr'>et</span> 
     </span>
    </p>

    <p class='ocr_par' dir='ltr' id='par_1_7' title="bbox 149 3803 1409 4318">
     <span class='ocr_line' id='line_1_22' title="bbox 149 3803 1408 3891; baseline 0.001 -22"><span class='ocrx_word' id='word_1_186' title='bbox 149 3804 164 3869; x_wconf 87' lang='lat' dir='ltr'>l</span> <span class='ocrx_word' id='word_1_187' title='bbox 210 3825 285 3870; x_wconf 85' lang='lat' dir='ltr'>curn</span> <span class='ocrx_word' id='word_1_188' title='bbox 308 3806 409 3870; x_wconf 82' lang='lat' dir='ltr'>Petro</span> <span class='ocrx_word' id='word_1_189' title='bbox 433 3804 555 3871; x_wconf 85' lang='lat' dir='ltr'>dixisti:</span> <span class='ocrx_word' id='word_1_190' title='bbox 581 3824 644 3891; x_wconf 91' lang='lat' dir='ltr'>ego</span> <span class='ocrx_word' id='word_1_191' title='bbox 667 3826 740 3870; x_wconf 92' lang='lat' dir='ltr'>sum</span> <span class='ocrx_word' id='word_1_192' title='bbox 763 3805 940 3891; x_wconf 87' lang='lat' dir='ltr'>Apostolus</span> <span class='ocrx_word' id='word_1_193' title='bbox 965 3803 1096 3882; x_wconf 88' lang='lat' dir='ltr'>Christi,</span> <span class='ocrx_word' id='word_1_194' title='bbox 1114 3804 1195 3869; x_wconf 91' lang='lat' dir='ltr'>nibil</span> <span class='ocrx_word' id='word_1_195' title='bbox 1219 3805 1252 3869; x_wconf 92' lang='lat' dir='ltr'>in</span> <span class='ocrx_word' id='word_1_196' title='bbox 1271 3823 1324 3870; x_wconf 90' lang='lat' dir='ltr'>me</span> <span class='ocrx_word' id='word_1_197' title='bbox 1341 3803 1408 3870; x_wconf 88' lang='lat' dir='ltr'>filia</span> 
     </span>
     <span class='ocr_line' id='line_1_23' title="bbox 211 3911 1407 3999; baseline 0 -23"><span class='ocrx_word' id='word_1_198' title='bbox 211 3931 285 3977; x_wconf 90' lang='lat' dir='ltr'>mea</span> <span class='ocrx_word' id='word_1_199' title='bbox 310 3931 445 3978; x_wconf 88' lang='lat' dir='ltr'>verere:</span> <span class='ocrx_word' id='word_1_200' title='bbox 464 3918 498 3978; x_wconf 93' lang='lat' dir='ltr'>et</span> <span class='ocrx_word' id='word_1_201' title='bbox 514 3912 671 3999; x_wconf 87' lang='lat' dir='ltr'>incipiens</span> <span class='ocrx_word' id='word_1_202' title='bbox 687 3913 803 3977; x_wconf 85' lang='lat' dir='ltr'>vinum</span> <span class='ocrx_word' id='word_1_203' title='bbox 821 3918 854 3978; x_wconf 91' lang='lat' dir='ltr'>et</span> <span class='ocrx_word' id='word_1_204' title='bbox 870 3912 981 3978; x_wconf 88' lang='lat' dir='ltr'>oleum</span> <span class='ocrx_word' id='word_1_205' title='bbox 996 3911 1183 3995; x_wconf 84' lang='lat' dir='ltr'>infundere,</span> <span class='ocrx_word' id='word_1_206' title='bbox 1201 3912 1306 3998; x_wconf 89' lang='lat' dir='ltr'>plagis</span> <span class='ocrx_word' id='word_1_207' title='bbox 1325 3911 1407 3977; x_wconf 91' lang='lat' dir='ltr'>meis</span> 
     </span>
     <span class='ocr_line' id='line_1_24' title="bbox 211 4019 1409 4105; baseline -0.001 -21"><span class='ocrx_word' id='word_1_208' title='bbox 211 4019 356 4084; x_wconf 90' lang='lat' dir='ltr'>noudum</span> <span class='ocrx_word' id='word_1_209' title='bbox 380 4019 614 4105; x_wconf 84' lang='lat' dir='ltr'>circumligatis</span> <span class='ocrx_word' id='word_1_210' title='bbox 638 4026 672 4086; x_wconf 93' lang='lat' dir='ltr'>et</span> <span class='ocrx_word' id='word_1_211' title='bbox 695 4019 910 4085; x_wconf 88' lang='lat' dir='ltr'>medicamine</span> <span class='ocrx_word' id='word_1_212' title='bbox 934 4019 1018 4101; x_wconf 88' lang='lat' dir='ltr'>fotis,</span> <span class='ocrx_word' id='word_1_213' title='bbox 1043 4019 1173 4085; x_wconf 88' lang='lat' dir='ltr'>recedis</span> <span class='ocrx_word' id='word_1_214' title='bbox 1193 4040 1213 4085; x_wconf 96' lang='lat' dir='ltr'>a</span> <span class='ocrx_word' id='word_1_215' title='bbox 1236 4039 1299 4085; x_wconf 85' lang='lat' dir='ltr'>me.</span> <span class='ocrx_word' id='word_1_216' title='bbox 1323 4020 1409 4085; x_wconf 82' lang='lat' dir='ltr'>Ten-</span> 
     </span>
     <span class='ocr_line' id='line_1_25' title="bbox 211 4125 1407 4211; baseline 0.001 -21"><span class='ocrx_word' id='word_1_217' title='bbox 211 4125 285 4190; x_wconf 87' lang='lat' dir='ltr'>tasti</span> <span class='ocrx_word' id='word_1_218' title='bbox 310 4125 439 4210; x_wconf 85' lang='lat' dir='ltr'>putrida</span> <span class='ocrx_word' id='word_1_219' title='bbox 465 4125 615 4192; x_wconf 88' lang='lat' dir='ltr'>recidere</span> <span class='ocrx_word' id='word_1_220' title='bbox 638 4126 742 4208; x_wconf 88' lang='lat' dir='ltr'>ferro,</span> <span class='ocrx_word' id='word_1_221' title='bbox 767 4134 801 4192; x_wconf 91' lang='lat' dir='ltr'>et</span> <span class='ocrx_word' id='word_1_222' title='bbox 825 4125 902 4190; x_wconf 91' lang='lat' dir='ltr'>dum</span> <span class='ocrx_word' id='word_1_223' title='bbox 938 4125 1016 4190; x_wconf 93' lang='lat' dir='ltr'>illud</span> <span class='ocrx_word' id='word_1_224' title='bbox 1039 4125 1234 4211; x_wconf 87' lang='lat' dir='ltr'>profundius</span> <span class='ocrx_word' id='word_1_225' title='bbox 1268 4125 1407 4210; x_wconf 90' lang='lat' dir='ltr'>impres-</span> 
     </span>
     <span class='ocr_line' id='line_1_26' title="bbox 211 4230 1407 4318; baseline 0.001 -21"><span class='ocrx_word' id='word_1_226' title='bbox 211 4230 319 4313; x_wconf 88' lang='lat' dir='ltr'>sisses,</span> <span class='ocrx_word' id='word_1_227' title='bbox 343 4232 494 4298; x_wconf 88' lang='lat' dir='ltr'>invenisti</span> <span class='ocrx_word' id='word_1_228' title='bbox 520 4232 659 4300; x_wconf 84' lang='lat' dir='ltr'>forsitan</span> <span class='ocrx_word' id='word_1_229' title='bbox 682 4252 767 4318; x_wconf 90' lang='lat' dir='ltr'>quae</span> <span class='ocrx_word' id='word_1_230' title='bbox 791 4232 850 4298; x_wconf 88' lang='lat' dir='ltr'>tibi</span> <span class='ocrx_word' id='word_1_231' title='bbox 874 4231 1068 4299; x_wconf 84' lang='lat' dir='ltr'>incurabilia</span> <span class='ocrx_word' id='word_1_232' title='bbox 1092 4233 1163 4299; x_wconf 89' lang='lat' dir='ltr'>visa</span> <span class='ocrx_word' id='word_1_233' title='bbox 1187 4239 1273 4299; x_wconf 92' lang='lat' dir='ltr'>sunt.</span> <span class='ocrx_word' id='word_1_234' title='bbox 1302 4233 1344 4299; x_wconf 85' lang='lat' dir='ltr'>Et</span> <span class='ocrx_word' id='word_1_235' title='bbox 1366 4234 1407 4299; x_wconf 92' lang='lat' dir='ltr'>ob</span> 
     </span>
    </p>

    <p class='ocr_par' dir='ltr' id='par_1_8' title="bbox 149 4338 1407 4426">
     <span class='ocr_line' id='line_1_27' title="bbox 149 4338 1407 4426; baseline 0.005 -26"><span class='ocrx_word' id='word_1_236' title='bbox 149 4339 164 4400; x_wconf 76' lang='lat'><em>3</em></span> <span class='ocrx_word' id='word_1_237' title='bbox 209 4339 273 4403; x_wconf 93' lang='lat' dir='ltr'>hoc</span> <span class='ocrx_word' id='word_1_238' title='bbox 295 4338 436 4406; x_wconf 88' lang='lat' dir='ltr'>fortasse</span> <span class='ocrx_word' id='word_1_239' title='bbox 453 4361 504 4404; x_wconf 92' lang='lat' dir='ltr'>me</span> <span class='ocrx_word' id='word_1_240' title='bbox 527 4339 653 4406; x_wconf 88' lang='lat' dir='ltr'>deseris</span> <span class='ocrx_word' id='word_1_241' title='bbox 671 4339 878 4426; x_wconf 85' lang='lat' dir='ltr'>desperantis</span> <span class='ocrx_word' id='word_1_242' title='bbox 902 4359 996 4405; x_wconf 90' lang='lat' dir='ltr'>more</span> <span class='ocrx_word' id='word_1_243' title='bbox 1013 4340 1139 4419; x_wconf 83' lang='lat' dir='ltr'>medici,</span> <span class='ocrx_word' id='word_1_244' title='bbox 1156 4340 1210 4426; x_wconf 90' lang='lat' dir='ltr'>qui</span> <span class='ocrx_word' id='word_1_245' title='bbox 1228 4345 1407 4426; x_wconf 82' lang='lat' dir='ltr'>expectare</span> 
     </span>
    </p>
   </div>
   <div class='ocr_carea' id='block_1_4' title="bbox 192 4596 1408 4668">
    <p class='ocr_par' dir='ltr' id='par_1_9' title="bbox 192 4596 1408 4668">
     <span class='ocr_line' id='line_1_28' title="bbox 192 4596 1408 4668; baseline 0 -16"><span class='ocrx_word' id='word_1_246' title='bbox 192 4596 210 4635; x_wconf 66' lang='lat'>²⁸</span> <span class='ocrx_word' id='word_1_247' title='bbox 230 4601 288 4654; x_wconf 81' lang='lat' dir='ltr'>l’er</span> <span class='ocrx_word' id='word_1_248' title='bbox 306 4598 328 4653; x_wconf 90' lang='lat' dir='ltr'>il</span> <span class='ocrx_word' id='word_1_249' title='bbox 348 4605 425 4654; x_wconf 88' lang='lat' dir='ltr'>testo</span> <span class='ocrx_word' id='word_1_250' title='bbox 447 4598 475 4653; x_wconf 90' lang='lat' dir='ltr'>ci</span> <span class='ocrx_word' id='word_1_251' title='bbox 494 4597 590 4654; x_wconf 90' lang='lat' dir='ltr'>siamo</span> <span class='ocrx_word' id='word_1_252' title='bbox 609 4598 741 4653; x_wconf 89' lang='lat' dir='ltr'>atteuuti</span> <span class='ocrx_word' id='word_1_253' title='bbox 760 4613 777 4653; x_wconf 90' lang='lat' dir='ltr'>a</span> <span class='ocrx_word' id='word_1_254' title='bbox 796 4600 961 4653; x_wconf 78' lang='lat' dir='ltr'>Fuaucrscr</span> <span class='ocrx_word' id='word_1_255' title='bbox 981 4599 1178 4668; x_wconf 69' lang='lat' dir='ltr'>Parnassus,</span> <span class='ocrx_word' id='word_1_256' title='bbox 1196 4597 1353 4667; x_wconf 78' lang='lat' dir='ltr'>Epistulae</span> <span class='ocrx_word' id='word_1_257' title='bbox 1371 4598 1408 4652; x_wconf 81' lang='lat' dir='ltr'>dc</span> 
     </span>
    </p>
   </div>
   <div class='ocr_carea' id='block_1_5' title="bbox 149 4668 1563 4750">
    <p class='ocr_par' dir='ltr' id='par_1_10' title="bbox 149 4668 1563 4750">
     <span class='ocr_line' id='line_1_29' title="bbox 149 4668 1563 4750; baseline -0.003 -14"><span class='ocrx_word' id='word_1_258' title='bbox 149 4679 212 4736; x_wconf 72' lang='lat' dir='ltr'>aaa</span> <span class='ocrx_word' id='word_1_259' title='bbox 224 4677 439 4750; x_wconf 77' lang='lat' dir='ltr'>familiaribus</span> <span class='ocrx_word' id='word_1_260' title='bbox 452 4680 480 4735; x_wconf 79' lang='lat' dir='ltr'>at</span> <span class='ocrx_word' id='word_1_261' title='bbox 493 4677 608 4748; x_wconf 78' lang='lat' dir='ltr'>variae,</span> <span class='ocrx_word' id='word_1_262' title='bbox 618 4677 694 4736; x_wconf 81' lang='lat' dir='ltr'>odiu.</span> <span class='ocrx_word' id='word_1_263' title='bbox 705 4677 858 4748; x_wconf 84' lang='lat' dir='ltr'>Giuseppe</span> <span class='ocrx_word' id='word_1_264' title='bbox 868 4678 1057 4746; x_wconf 81' lang='lat' dir='ltr'>Fracassetti,</span> <span class='ocrx_word' id='word_1_265' title='bbox 1068 4677 1128 4734; x_wconf 86' lang='lat' dir='ltr'>vol.</span> <span class='ocrx_word' id='word_1_266' title='bbox 1136 4678 1183 4733; x_wconf 90' lang='lat'><em>111.</em></span> <span class='ocrx_word' id='word_1_267' title='bbox 1192 4676 1316 4733; x_wconf 79' lang='lat' dir='ltr'>Fireuze</span> <span class='ocrx_word' id='word_1_268' title='bbox 1326 4676 1406 4733; x_wconf 83' lang='lat'><strong>1859.</strong></span> <span class='ocrx_word' id='word_1_269' title='bbox 1522 4696 1525 4702; x_wconf 94' lang='lat'>·</span> <span class='ocrx_word' id='word_1_270' title='bbox 1552 4668 1563 4675; x_wconf 80' lang='grc'>“’</span> 
     </span>
    </p>
   </div>
   <div class='ocr_carea' id='block_1_6' title="bbox 0 0 1648 5750">
    <p class='ocr_par' dir='ltr' id='par_1_11' title="bbox 0 0 1648 5750">
     <span class='ocr_line' id='line_1_30' title="bbox 0 0 1648 5750; baseline 0 0"><span class='ocrx_word' id='word_1_271' title='bbox 0 0 1648 5750; x_wconf 95' lang='lat' dir='ltr'> </span> 
     </span>
    </p>
   </div>
  </div>
 </body>
</html>
