3284 5750
441 869 756 977 EPISTULAE
799 871 936 976 SINE
973 873 1235 981 illoto*

561 1408 746 1463 Frcnelscus
765 1408 915 1464 Petrcrcc
934 1409 1034 1464 amieo
1056 1408 1105 1466 §.¹

368 1640 402 1707 Si
426 1640 576 1727 quicquid
592 1641 722 1707 animus
737 1662 832 1708 meus
849 1642 925 1724 fert,
943 1642 983 1708 de
999 1641 1098 1708 huius
1118 1642 1279 1710 occiduae
1301 1642 1474 1730 ΒειῑιγίοιιίεΙΙΙ

279 1753 374 1824 statu,
399 1747 491 1813 cuius
515 1748 581 1814 fato
605 1769 662 1813 seu
687 1748 798 1814 verius
829 1754 962 1834 peccato
991 1769 1075 1828 mee,
1103 1749 1225 1816 invitus
1256 1750 1374 1817 totiens
1395 1748 1474 1816 civit.

281 1853 334 1936 fio,
364 1854 462 1920 velim
498 1854 572 1920 stilo
606 1854 822 1936 committere,
858 1875 996 1934 vereor,
1031 1857 1153 1938 Pater,
1190 1877 1232 1922 ne
1269 1865 1302 1923 et
1334 1856 1455 1923 dolorm

282 1981 394 2027 meum
417 1962 568 2028 lamentis
592 1981 797 2048 exaggerem
820 1969 854 2028 et
877 1962 1099 2028 sanctissimas
1123 1983 1223 2029 curas
1238 1970 1323 2045 tuas,
1339 1982 1456 2048 occupa

213 2068 235 2133 5
280 2067 452 2154 tionesque
477 2068 729 2154 pulcherrimas,
754 2069 993 2155 intempestivis
1013 2077 1047 2136 et
1069 2070 1237 2137 inutilibus
1262 2068 1483 2157 querimoniis¹

279 2175 498 2261 interpellem.
522 2177 559 2240 In
583 2196 711 2241 summa
735 2176 826 2253 scito,
851 2196 918 2243 non
951 2177 1047 2243 modo
1069 2177 1168 2259 hunc,
1200 2177 1259 2244 sed
1289 2198 1330 2244 ne
1352 2177 1459 2243 cicero

284 2281 421 2347 nianum
445 2281 576 2367 quidem
599 2282 762 2348 calamum
790 2284 892 2349 rebus
921 2304 1046 2369 parem.
1071 2282 1233 2369 Quicquid
1263 2284 1304 2350 de
1323 2280 1457 2368 Assyria,

283 2389 337 2455 vel
361 2389 528 2475 Aegyptia
551 2389 733 2474 Babylone,
751 2388 903 2475 quicquid
923 2391 963 2456 de
984 2387 1140 2476 quatuor²
1157 2390 1365 2476 labyrinthis,
1382 2388 1460 2475 quic·

281 2495 358 2581 quid
381 2495 522 2581 denique
547 2495 587 2562 de
610 2495 737 2561 Averni
761 2495 884 2573 limine,
901 2495 1008 2582 deque
1025 2496 1193 2564 Tartareis
1216 2496 1319 2578 silvis,
1343 2495 1460 2581 sulphu·
1496 2498 1498 2503 '

198 2602 241 2668 10
285 2603 415 2688 reisque
440 2603 612 2688 paludibus
646 2601 764 2687 legisti,
799 2602 877 2669 huic
911 2602 1052 2669 Tartaro
1085 2602 1255 2668 admotum
1285 2602 1394 2669 fabula
1415 2604 1463 2666 est
1496 2666 1502 2685 ,

283 2709 344 2775 Hic
367 2708 557 2776 turrificus³
579 2709 676 2774 simul
700 2716 798 2795 atque
820 2708 987 2795 terrificus
1012 2710 1183 2791 Nemroth,
1206 2709 1262 2776 hic
1287 2710 1463 2796 pharetrata
1498 2690 1507 2753 ἶ

282 2816 483 2895 Semiramis,
507 2816 560 2883 hic
583 2816 797 2883 inexorabilis
820 2815 937 2908 Minos,
961 2815 1016 2883 hic
1038 2816 1299 2896 Rhadamantus,
1323 2815 1377 2883 hic
1392 2814 1463 2882 Cor·
1503 2842 1507 2932 q

279 2925 381 2990 herus
416 2925 573 2991 universa
610 2944 821 3006 consumens,
857 2924 911 2991 hic
946 2925 1057 2990 Tauro
1092 2923 1259 3010 supposita
1295 2923 1467 3009 Pasiphae,
1504 2949 1508 3002 1

280 3032 487 3118 mixtumque
511 3052 617 3118 genus
633 3031 805 3117 prolesque
821 3031 971 3097 biformis
994 3031 1202 3097 Minotaurus
1218 3031 1316 3113 inest,
1334 3027 1467 3098 Veneris
1505 3047 1507 3094 ῑ

192 3137 235 3202 15
280 3137 482 3204 monimenta
506 3138 679 3220 nefandae,
696 3138 750 3205 hic
767 3145 934 3223 postremo
950 3136 1101 3223 quicquid
1123 3136 1307 3219 confusum,
1325 3133 1470 3224 quicquid
1505 3155 1508 3222 ᾗ

279 3250 399 3325 atrum,
424 3244 577 3330 quicquid
606 3245 813 3311 horrendum
837 3265 976 3331 usquam
1005 3250 1069 3332 est
1084 3251 1141 3312 aut
1164 3243 1305 3330 fingitur
1330 3243 1470 3330 aspicies,
1503 3259 1507 3314 ,³

278 3370 453 3437 osemper
477 3352 657 3418 virtutibus
691 3352 754 3419 tuis
789 3352 880 3430 felix,
905 3372 995 3417 nunc
1029 3351 1180 3418 absentia
1218 3350 1321 3417 etiam
1348 3350 1472 3417 felicior
1505 3325 1507 3394 f

279 3463 346 3524 tua.
370 3459 474 3524 Putas
504 3478 547 3524 ne
582 3459 751 3525 civitatem
786 3459 872 3525 hanc
895 3478 969 3525 esse
993 3478 1092 3543 mam
1114 3456 1253 3524 vidistit
1277 3458 1394 3543 Longe
1416 3453 1477 3522 alia
1505 3447 1507 3464 ²

279 3573 337 3643 est,
362 3565 526 3653 longeque
564 3565 738 3632 dissimilis.
774 3566 851 3631 Fuit
885 3565 942 3631 illa
978 3564 1130 3651 equidem
1153 3564 1302 3630 omnium
1330 3562 1476 3650 pessima,
1505 3587 1508 3598 ’

195 3674 239 3739 20
285 3693 390 3759 eaque
425 3677 620 3758 tempestate
655 3673 851 3755 foedissima,
875 3674 1044 3740 haerere
1080 3691 1147 3738 non
1181 3671 1247 3738 iam
1274 3670 1403 3753 civitas,
1425 3665 1478 3735 sed

284 3780 458 3846 larvarum
493 3800 532 3848 ac
566 3779 733 3845 lemurum
769 3779 883 3845 domus
918 3784 982 3860 est,
1018 3786 1068 3857 et,
1100 3784 1138 3845 ut
1168 3777 1320 3844 breviter
1360 3778 1477 3853 dicam,

287 3887 448 3953 scelerum
472 3894 571 3973 atque
594 3887 793 3953 dedecorum
817 3886 965 3952 omnium
997 3885 1137 3967 sentina,
1161 3890 1261 3970 etque
1285 3884 1344 3951 ille
1366 3884 1478 3951 viven-

290 3993 374 4059 tium
398 3994 559 4075 infernus,
583 4001 674 4060 tanto
698 4000 776 4059 ante
798 3991 954 4058 Davidico
974 4012 1035 4058 ore
1057 3996 1199 4069 notatus,
1216 4011 1316 4075 quam
1336 3989 1485 4057 fundatus

294 4106 351 4166 aut
374 4100 535 4186 cognitus.
559 4101 613 4167 Ah
636 4101 787 4186 quotiens
811 4099 898 4165 redit
920 4099 961 4164 ad
985 4098 1178 4165 memoriam
1196 4097 1252 4162 ille
1275 4103 1334 4163 tua
1362 4093 1485 4183 penitus

209 4204 253 4272 25
298 4213 439 4292 paterna
462 4227 539 4285 vox,
564 4216 598 4273 et
631 4207 784 4274 salutaris
812 4206 1001 4284 admonitio,
1030 4206 1109 4271 dum
1137 4205 1325 4290 digressum
1360 4197 1484 4291 paranti

274 4417 291 4456 *
312 4421 370 4475 Per
389 4418 412 4475 il
431 4424 509 4475 testo
528 4420 554 4474 ci
582 4420 678 4478 siamo
707 4421 838 4477 attenuti
859 4435 876 4477 a
897 4422 1060 4478 Faliscum
1082 4420 1274 4485 osisines,
1295 4419 1394 4490 Opera
1409 4407 1508 4582 mi

195 4502 303 4558 cctam
321 4500 433 4563 omnio.
458 4498 576 4560 Basilea
599 4501 679 4561 1581.

1479 4585 1508 4812 l
