3284 5750
248 535 290 602 91
699 554 885 601 ananensoo
913 553 1086 630 16161661Ι

336 738 369 799 et
403 730 583 817 inquietum
620 732 839 817 relinquatur.
869 732 913 797 At
943 730 970 795 si
1000 731 1143 820 studium
1178 728 1335 809 detrahis,
1367 729 1524 816 inglorius

335 845 449 923 torpor
473 845 506 904 et
530 837 624 923 pigro
647 837 710 903 situ
737 837 903 902 marcidus
927 857 1045 903 carcer
1069 843 1118 902 est
1142 837 1255 916 otium,
1281 837 1326 901 ita
1351 836 1387 907 fit
1411 842 1448 901 ut
1473 837 1528 901 hoc

335 945 367 1009 in
391 944 478 1009 illius
503 945 618 1029 requie
655 941 839 1026 fundatum,
864 944 944 1009 illud
980 943 1164 1009 huiusmodi
1201 941 1368 1008 laboribus
1401 963 1528 1027 semper

335 1058 493 1117 ornatum>
523 1050 572 1116 sit.
598 1051 728 1116 Rursus
764 1057 796 1116 et
832 1050 912 1114 illud
948 1056 1076 1116 constat
1104 1049 1295 1130 memoriae,
1320 1047 1529 1142 ingenioque,

271 1158 293 1224 5
338 1157 546 1243 eloquentiae
563 1158 602 1223 de
619 1157 736 1242 quibus
754 1158 919 1223 secuturis
934 1156 1131 1223 tractatibus
1147 1156 1313 1242 agendum
1330 1162 1391 1237 est,
1406 1157 1531 1221 nullum

336 1265 469 1330 omnino
490 1270 561 1349 post
578 1272 731 1329 naturam
755 1263 855 1348 ipsam
876 1263 989 1344 maius,
1007 1263 1196 1348 certiusque
1213 1261 1440 1347 patrocinium
1462 1262 1531 1327 fore

337 1392 435 1456 quam
458 1372 689 1436 vehementem
714 1371 814 1436 animi
837 1369 1089 1455 applicationem
1104 1369 1143 1434 ad
1163 1370 1293 1434 easdem
1311 1390 1444 1456 summa
1461 1390 1532 1434 cum

337 1479 513 1564 voluptate,
538 1497 635 1562 quam
666 1477 809 1542 studium
833 1483 962 1558 vocant,
988 1497 1030 1542 ex
1059 1477 1177 1561 quibus
1200 1475 1342 1541 solidum
1366 1474 1529 1541 conflatur

338 1585 509 1650 doctrinae
533 1604 663 1650 nomen.
684 1585 859 1661 Quocirca
879 1585 987 1649 dilatis
1006 1570 1128 1664 mediis,
1144 1581 1341 1668 principium
1366 1581 1533 1667 finemque

202 1778 205 1789 Ι
249 1692 291 1756 10
337 1697 545 1772 connectens,
580 1691 669 1756 hunc
704 1691 810 1756 studio
846 1690 942 1755 simul
978 1697 1011 1755 et
1040 1690 1211 1755 doctrinae
1235 1690 1345 1754 locum
1369 1688 1530 1755 dedicavi.

339 1799 469 1863 Verum
492 1797 642 1883 quamvis
667 1804 700 1864 et
734 1798 820 1882 quod
855 1797 1001 1862 omnium
1036 1796 1182 1880 gentium
1212 1815 1293 1881 pace
1319 1794 1474 1875 dixerim,
1501 1803 1532 1860 et

338 1904 475 1988 reginae
501 1904 591 1969 urbis
616 1903 798 1973 veneratio.
817 1910 850 1970 et
866 1903 1033 1969 excellens
1058 1923 1179 1978 rerum.
1190 1902 1296 1988 gloria
1322 1908 1529 1979 mereantur,

249 2053 251 2058 -
339 2018 375 2077 ut
399 1993 731 2102 posthabita'ratione
747 2017 949 2096 temporum,
974 2010 1008 2074 in
1032 2009 1261 2095 exemplorum
1285 2008 1451 2075 relatione
1468 2010 1532 2095 pri-

339 2140 429 2182 mum
464 2101 603 2204 semper
629 2119 777 2183 Romana
813 2119 922 2183 locum
956 2124 1101 2199 teneant,
1126 2116 1184 2182 vix
1218 2116 1272 2182 hic
1310 2122 1424 2182 tamen
1454 2116 1529 2181 mihi

252 2225 295 2290 15
343 2224 457 2290 videor
481 2224 680 2290 narrationis
697 2223 826 2290 initium
849 2230 1057 2309 reperturus,
1074 2230 1209 2309 propter
1227 2223 1258 2287 id
1274 2222 1432 2291 videlicet
1448 2222 1530 2308 quod

338 2331 539 2397 Theodosius
574 2331 771 2414 Macrobius,
803 2331 891 2396 haud
925 2331 1056 2415 quidem
1092 2330 1243 2416 ignobilis
1279 2330 1433 2416 scriptor,
1467 2331 1528 2396 ait:

337 2439 403 2505 Soli
439 2437 618 2523 sapientiae
653 2437 759 2503 studio
795 2437 934 2520 deditos,
974 2445 1009 2503 ut
1033 2438 1163 2503 abunde
1200 2437 1341 2502 Graecia
1378 2437 1464 2518 tulit,
1489 2437 1529 2502 ita

340 2547 479 2611 Romam
515 2543 704 2610 nescivisse.
729 2543 793 2610 Sed
828 2543 903 2628 quid
939 2564 1036 2628 agam
1071 2543 1147 2609 scio.
1172 2543 1332 2608 Rimabor
1362 2543 1529 2610 exercitus

338 2653 514 2728 Romanos,
547 2651 723 2736 forumque
753 2651 911 2731 lustrab0,
936 2634 969 2716 et
999 2649 1052 2715 vel
1088 2670 1131 2715 ea
1165 2648 1300 2714 armatis
1335 2649 1528 2734 legionibus

251 2759 295 2825 20
340 2758 394 2823 vel
430 2778 474 2823 ex
508 2757 633 2823 forensi
669 2757 818 2842 strepitu,
848 2755 1009 2822 studiosas
1043 2763 1077 2822 et
1110 2755 1377 2841 contemplationi
1406 2756 1528 2822 deditas

341 2865 466 2932 animas
491 2864 628 2931 eliciam.

655 3061 825 3138 LIBRO
856 3060 1122 3137 SEGONDO.

249 3239 302 3294 Ν61
322 3253 395 3308 capo
414 3240 424 3293 l
445 3244 535 3293 tratta
553 3238 634 3293 della
653 3237 799 3293 memoria
827 3252 844 3292 e
865 3238 982 3293 ricorda
999 3238 1117 3305 Cesare,
1137 3237 1248 3303 Quinto
1267 3236 1357 3291 Fabio
1376 3237 1529 3301 Massimo,

321 3317 457 3385 Lucullo,
477 3320 598 3385 Seneca,
619 3317 806 3384 Tamistocle,
828 3318 930 3372 Ciroe
950 3317 1174 3384 ClementeV13
1196 3317 1247 3371 nel
1263 3317 1285 3371 ll
1308 3317 1444 3373 discorrc
1472 3316 1532 3372 del-

320 3397 476 3465 l·ingegno
503 3411 520 3452 e
548 3411 638 3452 narra
667 3396 806 3452 aneddoti
837 3396 921 3452 tratti
941 3396 1020 3452 dalle
1040 3396 1102 3451 vite
1121 3397 1151 3452 di
1175 3396 1313 3464 Virgilio,
1334 3396 1364 3451 di
1386 3398 1482 3464 Livio,
1503 3397 1532 3452 di

319 3478 423 3534 Asinio
440 3478 588 3547 Pollione,
608 3479 639 3533 di
657 3479 773 3544 Crasso,
794 3478 842 3533 dei
862 3478 996 3542 Gracchi,
1016 3478 1184 3544 diomero,
1204 3477 1234 3532 di
1254 3477 1398 3543 Eschine,
1418 3478 1449 3533 di
1470 3478 1533 3532 Ari-

321 3558 443 3624 stotele,
463 3558 494 3613 di
512 3558 670 3623 Tucidide,
690 3556 721 3612 di
740 3557 897 3612 Pisistrato
916 3557 984 3629 edi
1003 3556 1128 3612 Pericle.
1149 3557 1202 3611 Ν61
1221 3571 1294 3626 capo
1309 3558 1345 3611 Ill
1365 3558 1485 3612 ricorda
1505 3558 1532 3611 le

93 3657 99 3666 ·
214 3671 218 3677 ,
285 3632 443 3705 'arguzie
462 3635 516 3707 pid
539 3637 652 3692 famose
672 3636 701 3691 di
716 3637 869 3702 Cicerone,
884 3636 914 3691 di
933 3636 1062 3699 Tiberio,
1076 3636 1104 3691 di
1121 3636 1301 3702 Domiziano,
1317 3636 1346 3691 di
1368 3636 1531 3705 Mitridate,

320 3718 350 3773 di
363 3718 467 3773 Publio
478 3718 553 3784 Siro,
564 3717 595 3772 di
608 3720 722 3784 annone
733 3719 867 3784 ostense,
880 3716 909 3771 di
925 3717 1051 3785 agapito
1061 3716 1205 3782 Colonna,
1217 3716 1246 3770 di
1258 3716 1334 3770 [tino
1344 3717 1531 3771 Florentino.

691 3920 861 3997 LIBRO
891 3920 1101 3997 TERZO:

249 4108 302 4163 Ν61
321 4108 417 4178 capel
435 4107 521 4177 paria
539 4106 618 4162 della
637 4106 762 4161 solemia
782 4105 929 4161 ericorda
941 4104 1076 4172 Romolo,
1093 4106 1190 4160 Numa
1209 4104 1368 4173 Pompilio,
1390 4106 1533 4172 Minosse,

322 4189 450 4256 Licurgo
476 4201 493 4242 e
517 4186 682 4242 l'Africano
702 4185 872 4258 Maggiore.
887 4185 940 4240 Ν61
958 4185 981 4239 ll
1002 4198 1091 4239 narra
1112 4183 1274 4260 leastuzie
1294 4184 1323 4239 di
1350 4185 1533 4252 Saturnino,

320 4268 493 4404 gidddacldid
508 4267 538 4322 di
558 4266 658 4335 Galba,
678 4266 708 4322 di
728 4265 864 4334 Tiberio,
885 4264 915 4320 di
935 4264 1058 4332 Solone,
1078 4263 1110 4320 di
1129 4264 1243 4331 Ulisse,
1264 4262 1294 4318 di
1315 4263 1483 4331 Annibale,
1503 4263 1534 4319 di

429 4471 625 4553 Castrutius,
653 4471 720 4536 dux
751 4472 914 4552 Lucanus,
939 4469 992 4535 vir
1015 4450 1142 4535 aetatis
1161 4474 1296 4535 nostrae
1320 4469 1535 4550 clarissimus

234 4668 236 4672 y
343 4602 419 4647 cum
442 4580 701 4666 dispensatorem
724 4599 821 4644 suum
844 4578 982 4664 Lippum
1003 4577 1145 4665 nomine,
1169 4577 1209 4642 de
1225 4595 1285 4642 suo
1299 4576 1537 4664 locupletatum
