3284 5750
480 706 651 761 sessanum
675 707 792 761 nnnnu
817 704 975 761 ssmmtnd
1203 768 1207 779 ¹
1305 685 1370 759 185

175 896 269 957 natus
303 897 363 968 est,
387 891 441 975 qui
475 911 542 957 non
577 890 658 958 vidit
693 912 774 977 opus
809 890 943 972 malum,
968 890 1053 975 quod
1086 890 1209 957 factum
1238 897 1286 955 est
1309 890 1369 955 sub

175 997 244 1063 sole
260 1022 291 1061 s.
316 997 385 1062 Nec
417 996 461 1063 ita
490 997 593 1063 multo
621 1004 712 1082 post:
741 1023 758 1057 c
786 998 829 1063 Et
856 997 928 1075 hoc,
953 996 1067 1081 inquit,
1091 982 1164 1081 quis
1191 996 1282 1073 dixit,
1299 995 1369 1061 ‘nisi

174 1103 231 1169 ille
253 1102 308 1187 qni
345 1103 536 1188 sapientiam
571 1104 715 1189 poposcit
750 1110 782 1170 et
806 1102 1024 1189 impetravit?
1048 1128 1066 1163 s
1092 1106 1135 1169 nt
1158 1122 1235 1167 mox
1259 1102 1369 1188 paucis

175 1209 216 1275 de
238 1209 399 1294 sapientia
426 1209 512 1274 illius
542 1210 763 1295 interpositis;
791 1230 931 1295 «quem
958 1208 1072 1294 igitur,
1096 1209 1150 1286 ait,
1176 1229 1241 1275 non
1266 1209 1369 1275 latue-

105 1316 128 1381 5
175 1321 254 1382 runt
277 1315 444 1398 caelestia,
467 1316 742 1401 quemadmodum
778 1316 923 1383 laterent
957 1316 1120 1394 mortalia,
1150 1324 1183 1382 et
1218 1315 1257 1381 de
1292 1336 1370 1381 suae

175 1423 360 1490 conditione
383 1431 536 1505 naturae,
560 1444 658 1509 quam
681 1424 715 1489 in
738 1444 774 1489 se
798 1430 954 1509 expertus
975 1430 1035 1501 est,
1053 1444 1180 1501 errare,
1204 1433 1260 1490 aut
1276 1442 1369 1489 men-

175 1530 231 1597 tiri
266 1531 397 1617 potest?
433 1531 498 1597 Sed
532 1550 599 1596 non
633 1530 722 1597 solus
756 1532 819 1597 hoc
854 1532 956 1596 sensit
982 1531 1043 1597 etsi
1067 1531 1156 1596 solus
1191 1531 1368 1616 expressit,

175 1637 306 1723 legerat
328 1645 479 1704 sanctum
502 1637 622 1704 dixisse
646 1639 728 1704 Job:
753 1645 869 1724 pereat
892 1638 960 1704 dios
983 1638 1050 1716 illa,
1074 1658 1138 1723 qua
1162 1644 1260 1704 natus
1284 1659 1367 1703 sum.

177 1743 390 1830 Cognoverat
424 1744 514 1810 nasci
551 1744 713 1810 malorum
744 1745 889 1810 omnium
912 1765 984 1812 esse
1008 1744 1214 1830 principium,
1239 1752 1273 1810 et
1297 1744 1369 1810 ideo

87 1851 132 1916 10
179 1850 241 1929 die,
271 1873 337 1936 qua
368 1862 465 1919 natus
492 1859 551 1929 est,
576 1852 687 1937 perire
711 1852 844 1937 optavit,
870 1859 906 1917 ut
929 1851 1103 1918 tolleretur
1127 1852 1222 1937 origo
1246 1851 1371 1917 incom-

175 1958 357 2024 modorum.
373 1985 391 2019 »
429 1961 509 2025 Post
532 1959 625 2037 baec,
650 1958 754 2024 David
777 1979 816 2026 ac
848 1958 1036 2024 Hieremiae
1065 1958 1250 2025 testimonio
1277 1958 1370 2023 adhi-

174 2065 251 2147 bito,
275 2065 322 2131 sic
346 2065 530 2133 concludit:
552 2091 570 2126 «
587 2066 619 2132 Si
636 2066 749 2152 igitur,
766 2066 881 2151 inquit,
898 2066 1002 2133 sancti
1022 2066 1087 2131 viri
1101 2066 1202 2131 vitam
1226 2065 1369 2151 fugiunt,

175 2192 319 2258 quorum
341 2174 409 2239 vita
443 2173 503 2239 etsi
528 2174 622 2240 nobis
646 2173 743 2252 utilis,
779 2174 840 2238 sibi
864 2181 975 2239 tamen
1005 2172 1128 2239 inutilis
1151 2171 1368 2255 estimatur—²⁸,

178 2278 255 2364 quid
278 2299 337 2345 nos
371 2280 486 2347 facere
520 2286 660 2365 oportet,
685 2279 738 2365 qui
763 2300 826 2345 nec
853 2279 926 2345 aliis
949 2280 1105 2365 prodesse
1129 2300 1310 2365 possumne,
1335 2286 1368 2345 et

94 2383 138 2450 15
183 2385 285 2451 vitam
301 2387 396 2469 hanc,
412 2386 505 2472 quasi
521 2387 697 2453 funebrem
715 2387 897 2472 pecuniam,
911 2386 1065 2452 usurario
1081 2386 1221 2471 quodam
1236 2386 1369 2452 cumulo

175 2500 408 2577 gravescente,
443 2494 570 2560 onerati
605 2496 639 2558 in
675 2494 743 2575 dies
777 2501 987 2579 peccatorum
1024 2514 1102 2559 aere
1136 2493 1321 2560 sentimus?
1345 2518 1363 2553 s

176 2598 270 2674 Quae
294 2598 321 2664 si
340 2599 426 2667 uixit
448 2600 652 2674 Ambrosius,
677 2600 703 2664 si
727 2600 810 2666 tales
834 2607 911 2667 ante
932 2621 1009 2666 eum
1026 2599 1089 2665 viri
1114 2598 1274 2681 dixerant,
1291 2599 1368 2684 quid

178 2704 279 2770 miser
302 2725 365 2790 ego
388 2707 535 2772 dicturus
558 2707 630 2785 sim,
648 2708 742 2773 cuius
758 2700 827 2773 vita
850 2728 916 2774 non
937 2708 1043 2774 solum
1061 2707 1201 2793 peccatis
1225 2706 1367 2772 obnoxia

177 2818 276 2899 atque
299 2832 466 2900 oppressa,
491 2814 548 2880 sed
582 2822 650 2882 tota
685 2815 731 2881 nil
768 2815 829 2881 nisi
865 2816 1001 2882 tentatio
1036 2836 1075 2881 ao
1098 2820 1266 2902 peccatum
1290 2812 1366 2880 est?

86 2917 130 2984 20
176 2920 305 2984 Verum
329 2921 389 2986 etsi
425 2922 528 2986 multa
564 2920 617 2987 hic
645 2927 679 2988 et
702 2921 855 2988 dicantur
879 2924 920 2988 ab
944 2923 1026 3000 aliis,
1050 2929 1083 2990 et
1107 2943 1127 2989 a
1151 2922 1243 2989 nobis
1268 2921 1367 2988 etiam
1426 2930 1428 2934 “

176 3024 238 3091 dici
262 3026 394 3111 possint,
412 3046 493 3112 quos
518 3027 681 3092 malorum
704 3027 911 3113 experientia
936 3029 1046 3095 doctos
1070 3029 1156 3111 fecit,
1182 3037 1293 3095 tamen
1309 3028 1366 3094 tibi

173 3131 228 3197 vel
251 3132 312 3198 ista
329 3132 545 3218 superfluunt,
571 3154 679 3219 neque
703 3134 790 3200 enim
808 3135 973 3201 docendus
996 3135 1086 3217 mihi,
1103 3134 1160 3200 sed
1177 3134 1368 3201 excitandus

177 3258 223 3321 es,
248 3245 284 3305 ut
308 3241 507 3322 memineris,
531 3241 607 3326 quid
631 3241 732 3306 divini
758 3242 917 3324 homines,
934 3242 1009 3328 quid
1032 3249 1067 3308 tu
1092 3243 1161 3328 ipse
1185 3244 1249 3309 bac
1272 3242 1312 3308 de
1328 3262 1367 3307 re
1432 3280 1433 3289 κ

175 3347 329 3429 senseris,
348 3356 524 3432 antequam
540 3348 598 3414 tibi
622 3349 816 3434 repentinus
834 3356 948 3434 stupor
972 3350 1019 3416 tui
1036 3349 1231 3415 memoriam
1254 3355 1369 3415 extor-

86 3450 130 3516 25
176 3459 304 3538 queret.
329 3455 402 3530 Quo
432 3462 543 3521 tamen
578 3455 741 3541 loquendo
766 3456 988 3541 pervenimus,
1014 3455 1161 3523 insistam
1185 3456 1366 3541 paululum.

174 3559 333 3634 Quamvis
363 3560 466 3645 igitur
494 3561 585 3642 haec,
615 3569 650 3627 ut
673 3561 751 3638 dixi,
776 3563 817 3627 ab
841 3561 1031 3646 ingentibus
1056 3562 1180 3627 viribus
1204 3563 1365 3647 disputata
1430 3637 1434 3643 g

160 3666 271 3751 'atque
306 3666 437 3733 firmata
471 3668 546 3749 sint,
570 3668 616 3734 sic
640 3674 676 3734 ut
711 3689 777 3734 non
812 3675 942 3734 tantum
967 3668 1148 3735 rationibus
1172 3669 1229 3734 sed
1253 3678 1367 3735 aucto·

172 3771 271 3840 ritate
293 3774 392 3840 etiam
417 3780 659 3865 premantusua,
684 3795 750 3841 non
778 3775 925 3841 alienum
947 3775 1049 3842 fuerit
1072 3776 1223 3853 fortasse,
1248 3776 1304 3861 qui
1328 3775 1367 3841 de

172 3880 212 3946 iis
235 3881 313 3967 ipsis
347 3883 428 3961 alias
451 3883 627 3965 senserint,
651 3884 777 3949 audire.
803 3883 885 3950 Sunt
917 3890 1025 3950 autem
1049 3883 1112 3948 duo
1136 3883 1239 3959 haec;
1265 3903 1367 3948 unum

86 3987 126 4053 30
171 3988 255 4073 quod
291 3989 374 4055 baec
409 3997 522 4057 nostra
558 4010 641 4075 quae
677 3989 794 4056 dicitur
819 3990 897 4067 vita,
922 4011 1012 4056 mors
1048 3999 1118 4067 est;
1150 3990 1212 4055 hoc
1236 3988 1366 4055 iuvenis

174 4094 292 4162 Cicero
316 4104 411 4165 sexto
433 4097 656 4180 Retpobttboe
683 4096 769 4163 libro
798 4097 938 4182 scripsit,
963 4096 1049 4163 idem
1072 4117 1173 4162 senex
1202 4099 1367 4163 Tusculo-

170 4223 306 4270 rtorom
339 4206 583 4288 quaestionum
623 4205 729 4290 prima
764 4205 837 4270 luce
881 4204 1033 4290 repetiit;
1071 4204 1215 4270 alterum
1249 4203 1367 4270 eodem

177 4311 462 4378 Tusculanorum
496 4311 581 4377 libro
617 4311 721 4395 primo
752 4311 866 4397 posuit,
891 4331 957 4377 non
993 4310 1084 4376 nasci
1120 4310 1242 4376 homini
1267 4311 1366 4397 longe

173 4417 342 4502 optimum,
367 4419 555 4504 proximum
578 4439 676 4503 quam
711 4418 857 4504 primum
887 4418 982 4484 mori.
1008 4419 1191 4504 Utrumque
1216 4417 1365 4484 fortassis

86 4520 126 4588 35
171 4531 206 4589 et
229 4524 346 4591 Cicero
369 4526 437 4611 ipse
462 4525 539 4590 alibi
562 4533 596 4591 et
619 4525 712 4592 multi
736 4525 791 4590 alii
816 4525 972 4592 dixerunt
995 4530 1026 4591 et
1058 4524 1202 4611 primum
1223 4525 1364 4610 quidem,

170 4631 301 4698 tametsi
336 4631 633 4698 innumerabilibus
668 4632 754 4698 vitae
790 4632 895 4711 malis,
920 4652 986 4699 non
1020 4652 1141 4698 verum
1177 4632 1272 4698 modo
1307 4631 1364 4698 sed

174 4737 386 4804 verissimum
421 4738 582 4816 videatur,
618 4737 811 4826 simpliciter
846 4744 957 4805 tamen
993 4738 1095 4805 vitam
1130 4747 1270 4806 mortem
1301 4737 1363 4805 dici
