3284 5750
1031 424 1089 465 A

677 555 863 611 ralnonsco
886 550 1056 612 satanael
1487 423 1543 713 1

358 742 482 807 nullam
508 741 541 806 in
564 741 698 826 ingenio
722 743 953 828 eloquentiam,
968 742 1093 808 nullam
1108 741 1142 806 in
1159 741 1275 828 opibus
1291 748 1348 808 aut
1364 738 1490 827 potentia
1541 768 1542 791 2

357 869 446 934 spem
472 849 667 931 habendam,
688 870 751 915 nec
774 849 943 935 corrumpi
964 869 1068 936 posse,
1089 869 1152 915 nec
1176 849 1245 914 falli
1272 849 1418 929 iudicem,
1437 869 1494 914 nec

359 957 482 1042 placari
515 963 654 1022 mortem
685 957 797 1042 ipsam,
831 958 980 1021 laborum
1011 977 1078 1022 non
1101 955 1200 1022 finem
1225 976 1309 1038 esse,
1334 956 1388 1021 sed
1413 962 1499 1021 tran-

357 1064 464 1128 situm.
484 1064 574 1128 Haeo
595 1064 683 1128 inter
701 1063 789 1128 mille
809 1062 1054 1148 suppliciorum,
1072 1062 1161 1129 mille
1184 1061 1367 1128 tortorum¹
1382 1081 1504 1147 genera

359 1177 392 1236 et
407 1170 529 1237 stridor
554 1176 586 1236 et
602 1170 743 1255 gemitus
760 1170 888 1236 Averni
912 1175 945 1235 et
967 1169 1136 1254 sulphurei
1155 1190 1279 1252 amneS,
1301 1176 1335 1235 et
1350 1170 1509 1235 tenebrae

358 1283 391 1343 et
414 1276 549 1344 ultrices
572 1278 703 1343 Furiae.
728 1279 902 1342 Postremo
941 1277 1083 1342 adversa
1117 1276 1214 1341 simul
1250 1276 1330 1342 Oroi
1359 1275 1513 1361 pallentis

355 1383 552 1461 immanitas,
577 1404 706 1468 quaeve
730 1384 780 1448 his
801 1383 953 1448 omnibus
977 1383 1243 1468 praeponderant
1267 1382 1372 1464 malis,
1389 1383 1513 1448 infelix

357 1492 427 1556 sine
452 1489 517 1557 fine
542 1491 753 1576 perpetuitas,
779 1490 1074 1575 terminandaeque
1105 1489 1299 1556 calamitatis
1324 1489 1518 1575 desperatio

358 1604 390 1664 et
414 1598 448 1662 in
472 1603 648 1663 aeternum
671 1618 840 1678 mansura,
866 1618 930 1663 non
969 1597 1033 1662 iam
1069 1597 1208 1682 amplius
1243 1596 1429 1663 miserantis
1449 1596 1512 1659 ira

358 1704 427 1770 Dei.
452 1704 485 1770 Si
508 1704 592 1770 haec
615 1702 724 1770 omnia
747 1703 845 1769 simul
868 1711 944 1768 ante
968 1703 1080 1769 oculos
1096 1703 1262 1785 venerint,
1281 1723 1348 1768 non
1367 1709 1402 1768 ut
1417 1701 1508 1779 ficta,

357 1811 414 1877 sed
439 1817 475 1876 ut
498 1831 590 1894 vera,
616 1831 682 1877 non
706 1817 742 1877 ut
765 1810 940 1897 possibilia,
965 1810 1022 1876 sed
1047 1817 1082 1877 ut
1111 1811 1311 1893 necessaria,
1337 1808 1509 1877 inevitabi-

358 1918 498 2003 literque
522 1924 665 1984 ventura
689 1925 722 1985 et
758 1938 864 2004 paene
900 1918 966 1983 iam
990 1918 1187 2002 praesentia,
1212 1917 1312 2003 inque
1347 1918 1397 1983 bis
1419 1915 1503 1982 curis

360 2047 425 2092 non
461 2025 668 2110 praeteriens
704 2045 765 2091 nec
788 2025 978 2110 desperans,
1011 2025 1068 2090 sed
1104 2024 1171 2109 spei
1197 2024 1325 2110 plenus,
1343 2025 1427 2110 quod
1448 2020 1499 2088 Dei

360 2132 497 2199 dextera
523 2138 647 2217 potens,
671 2138 887 2217 promptaque
916 2133 958 2198 sit
988 2153 1032 2198 ex
1061 2130 1161 2198 tantis
1184 2131 1279 2197 malis
1310 2152 1446 2209 eruere,
1469 2137 1493 2194 tu

230 2237 274 2306 15
364 2241 458 2305 modo
483 2247 515 2305 te
532 2239 711 2304 curabilem
727 2239 897 2324 praebeas,
915 2238 1135 2323 surgendique
1159 2237 1275 2304 avidus
1300 2245 1334 2305 et
1355 2234 1493 2324 propositi
1541 2304 1542 2308 ,

361 2354 472 2420 tenax,
498 2346 647 2411 assiduus
670 2345 871 2427 versaberis,
895 2367 962 2411 non
990 2346 1116 2412 frustra
1148 2351 1182 2411 te
1213 2345 1408 2412 meditatum
1437 2363 1493 2411 esse
1541 2362 1542 2417 ξ

364 2449 517 2520 confides.

291 2604 415 2670 Fnano.
439 2603 663 2670 -Graviter
688 2623 750 2684 me,
781 2603 899 2684 fateor,
924 2602 1022 2669 tantis
1061 2609 1137 2667 ante
1172 2601 1275 2667 oculis
1304 2602 1497 2669 coacervatis

361 2711 502 2777 miseriis
525 2708 685 2786 terruisti,
711 2709 768 2775 sed
802 2709 828 2774 si
865 2710 943 2773 mihi
981 2711 1068 2775 Deus
1090 2709 1209 2774 veniae
1233 2708 1375 2794 largitus
1399 2711 1450 2792 sit,
1471 2716 1501 2774 ut

229 2819 273 2883 20
363 2838 425 2904 ego
450 2838 509 2905 per
534 2816 602 2883 dies
626 2814 772 2902 singulos
797 2816 831 2881 in
854 2816 914 2882 has
938 2814 1152 2902 cogitationes
1172 2815 1364 2903 immergar,
1381 2816 1501 2902 praeci-

360 2945 490 3011 pueque
513 2926 671 3005 noctibus,
695 2945 796 3009 quum
831 2924 958 2990 diurnis
993 2925 1080 2990 curis
1115 2924 1284 2991 relaxatus
1308 2926 1449 3004 animus,
1473 2946 1504 2991 se

359 3033 393 3097 in
417 3032 523 3117 ipsum
546 3030 718 3114 recolligit,
743 3052 845 3115 quum
869 3051 987 3116 corpus
1010 3032 1073 3098 boc
1093 3032 1126 3096 in
1143 3052 1272 3097 morem
1295 3033 1506 3100 morientium

363 3160 531 3224 compono,
556 3140 658 3225 ipsam
682 3159 812 3224 quoque
836 3139 951 3206 mortis
967 3140 1082 3206 boram
1102 3146 1135 3206 et
1150 3139 1305 3225 quidquid
1330 3141 1508 3207 circaeam

361 3269 453 3313 mens
476 3247 683 3313 horrendum
722 3246 857 3331 reperit,
881 3246 1097 3312 intentissime
1132 3246 1211 3311 mihi
1247 3246 1317 3333 ipse
1347 3248 1508 3335 confingo,

362 3376 463 3439 usque
498 3354 539 3419 ad
574 3374 614 3419 eo
653 3360 689 3419 ut
723 3353 757 3417 in
792 3373 900 3439 agone
935 3353 1097 3419 moriendi
1132 3353 1254 3440 positus
1290 3355 1369 3419 mibi
1393 3356 1510 3421 videar

360 3461 525 3527 interdum
549 3462 689 3526 Tartara
724 3466 757 3525 et
779 3480 865 3545 quae
899 3480 1023 3526 narras
1057 3461 1166 3527 omnia
1194 3460 1282 3526 mala
1306 3462 1509 3548 conspicere,

360 3588 466 3653 eaque
481 3574 557 3633 tam
592 3567 743 3651 graviter
767 3549 894 3632 visione
932 3567 1123 3645 conturber,
1152 3572 1189 3633 ut
1223 3568 1408 3634 exterritus
1444 3576 1512 3635 tre

359 3695 518 3760 mensque
553 3694 753 3759 consurgam
788 3681 822 3740 et
855 3693 955 3759 saepe
990 3674 1072 3740 baec
1095 3674 1128 3738 in
1152 3675 1255 3740 verba
1279 3694 1510 3761 prorumpam:

360 3783 444 3863 Heu,
461 3781 538 3867 quid
554 3780 643 3865 agol
666 3780 743 3866 quid
759 3779 892 3866 patior?
910 3780 971 3846 Cui
988 3800 1041 3846 me
1059 3779 1161 3847 exitio
1180 3781 1314 3847 fortuna
1336 3782 1512 3849 reservat?

360 3889 449 3970 Jesu,
474 3888 527 3955 fer
551 3907 663 3974 opem:
1070 3898 1073 3903 ’

494 4031 528 4043 -
547 4004 636 4072 Eripe
655 4016 704 4057 me
723 4001 780 4070 his,
801 4002 925 4070 invicte,
947 4002 1047 4070 malis,

494 4084 535 4137 Da
555 4082 691 4138 dextram
713 4082 834 4148 misero,
854 4088 886 4136 et
904 4088 1004 4137 tecum
1024 4095 1073 4137 me
1101 4081 1173 4137 tolle
1192 4095 1248 4151 per
1265 4082 1383 4149 undas3

495 4162 621 4218 Sedibus
639 4167 675 4217 ut
694 4161 802 4217 saltem
820 4159 947 4231 placidis
967 4160 999 4215 in
1019 4166 1116 4216 morte
1135 4161 1321 4232 quiescam2.

289 4253 292 4260 ’
362 4269 466 4335 Multa
490 4276 624 4356 praeter
647 4270 730 4335 haec
754 4268 829 4351 alia,
854 4267 1035 4353 phrenetici
1072 4268 1106 4337 in
1140 4288 1267 4334 morem
1303 4290 1512 4356 quocumque

361 4398 486 4463 vagum
508 4376 654 4441 animum
678 4382 918 4461 paventemque
947 4375 1022 4442 tulit
1045 4375 1195 4462 impetus,
1220 4397 1352 4443 mecum
1376 4377 1511 4464 loquer:

362 4484 501 4550 multum
526 4504 655 4571 quoque
680 4506 755 4550 cum
778 4484 894 4549 amicis
911 4483 1029 4569 quibus
1045 4483 1258 4568 illacrimans,
1274 4484 1344 4571 ipse
1360 4505 1514 4551 nonnun-

363 4613 461 4702 quam
485 4598 614 4661 ceteros
638 4591 671 4658 in
695 4590 850 4659 lacrimas
867 4611 994 4681 cogam,
1011 4590 1089 4661 licet
1111 4590 1236 4681 utique,
1252 4597 1325 4683 post
1346 4591 1512 4675 lacrimas,
