3284 5750
654 514 839 563 t¹1tnttcusoo
865 516 1035 565 l'll'l'llllRGA

291 714 356 777 qua
379 694 433 759 vel
456 714 515 758 sua
532 694 586 759 vel
610 714 682 759 mea
699 694 832 760 fortuna
852 694 970 760 dilecto
988 695 1096 761 multis
1113 704 1297 781 antequam
1314 699 1441 783 cognito
1449 696 1473 761 ³⁰.

292 799 358 864 lllis
374 800 407 863 in
424 800 502 865 locis
517 820 645 865 moram
663 801 817 883 trahenti,
836 802 922 867 dictu
944 802 1105 879 mirabile,
1126 823 1191 868 uno
1209 804 1262 869 die
1286 811 1322 870 et
1346 806 1387 869 ab
1407 806 1475 869 urbo

289 906 394 971 Roma
417 906 567 983 Senatus,
591 913 626 972 et
649 906 688 971 de
712 907 849 971 Parisiis
874 907 1072 973 Cancellarii
1102 908 1207 974 Studii
1233 909 1333 975 adme
1358 910 1473 977 litterae

289 1021 526 1097 pervenerunt,
543 1015 695 1079 certatim
714 1033 767 1078 me
787 1013 863 1079 illae
882 1015 1030 1091 Romam,
1050 1015 1126 1080 illae
1143 1016 1294 1082 Parisios
1313 1019 1355 1082 ad
1378 1018 1471 1103 perci·

221 1119 242 1183 5
288 1120 438 1204 piendam
464 1121 614 1185 lauream
638 1122 798 1205 poeticam
823 1120 1037 1187 evocantes³¹.
1057 1122 1183 1197 Quibus
1199 1143 1264 1209 ego
1297 1124 1471 1190 iuveniliter

285 1227 522 1312 gloriabundus
546 1235 580 1293 et
603 1248 655 1291 me
680 1227 815 1313 dignum
839 1227 1066 1313 indicansque
1084 1249 1135 1294 me
1160 1230 1301 1315 dignum
1325 1232 1405 1298 tanti
1420 1231 1468 1295 viri

260 1420 262 1427 Ι
287 1333 481 1409 iudicarent,
508 1354 568 1398 nec
592 1333 747 1398 meritum
770 1354 882 1398 meum
906 1334 963 1399 sed
980 1335 1121 1400 aliorum
1139 1336 1266 1402 librans
1288 1337 1466 1413 testimonia,

287 1460 467 1525 parumper
492 1447 602 1505 tamen
626 1439 785 1505 haesitavi
811 1441 863 1505 cui
886 1441 991 1526 potius
1008 1463 1125 1508 aurem
1142 1443 1269 1508 darem.
1290 1445 1396 1530 Super
1416 1464 1465 1529 quo
1488 1428 1492 1495 1

290 1546 462 1613 consilium
486 1546 645 1612 lobannis
669 1546 708 1612 de
726 1547 887 1613 Columna
905 1548 1091 1613 Cardinalis
1115 1550 1406 1635 supranominati³2
1420 1570 1464 1637 per

201 1654 243 1718 10
289 1654 417 1721 litteras
445 1654 576 1740 expetii.
607 1654 691 1720 Er'at
724 1655 811 1720 enim
847 1656 930 1721 adeo
966 1655 1109 1733 vicinus,
1139 1664 1175 1723 ut
1206 1679 1286 1723 cum
1322 1660 1379 1724 sibi
1405 1676 1460 1724 sero

289 1762 506 1848 scripsissem,
542 1762 593 1828 die
630 1763 736 1828 altero
764 1771 841 1827 ante
875 1764 991 1828 horam
1020 1763 1153 1829 tertiam
1186 1785 1382 1851 responsum
1408 1765 1457 1830 cios

289 1869 489 1955 acciperem3
503 1869 595 1934 cuius
612 1869 783 1935 consilium
796 1877 938 1946 6666166,
953 1870 1122 1936 Romanae
1141 1871 1233 1936 urbis
1251 1874 1454 1939 auctoritaten

289 1976 440 2041 omnibus
475 1975 731 2061 praeferendam
746 1977 856 2053 statui,
873 1984 906 2042 et
930 1977 969 2042 de
996 1977 1234 2062 approbatione
1259 1980 1383 2045 consilii
1398 1979 1453 2053 eius

287 2105 361 2150 mea
385 2084 505 2169 duplex
530 2084 569 2148 ad
587 2084 679 2149 illum
695 2091 787 2149 extat
810 2082 983 2169 epistolaae.
1001 2085 1049 2148 lvi
1074 2105 1166 2170 ergo,
1183 2092 1217 2151 et
1235 2087 1383 2171 quamvis
1403 2104 1452 2170 ego,

201 2190 244 2255 15
291 2211 383 2257 more
408 2191 581 2268 iuvenum,
608 2211 723 2256 rerum
747 2210 899 2255 mearum
940 2190 1192 2276 benignissimus
1228 2192 1453 2269 1616666666,

288 2298 407 2363 erubui
424 2305 533 2363 tamen
551 2298 590 2363 de
607 2317 660 2361 me
676 2298 745 2382 ipso
761 2298 982 2363 testimonium
1000 2298 1102 2382 sequi,
1121 2299 1175 2363 vel
1192 2318 1313 2364 eorum
1331 2322 1348 2364 a
1364 2299 1453 2384 quibu

287 2406 470 2480 evocabar3
495 2404 581 2488 quod
604 2404 719 2488 procul
751 2404 849 2468 dubio
877 2424 942 2468 non
972 2404 1140 2486 fecissent,
1167 2405 1229 2470 nisi
1260 2426 1315 2471 me
1347 2407 1454 2491 dignun

288 2510 397 2578 oblato
414 2531 517 2577 onore
535 2511 740 2576 iudicassent.
755 2511 849 2576 Unde
866 2511 1036 2596 Neapolim
1053 2511 1194 2597 primum
1213 2519 1329 2597 petere
1346 2508 1453 2585 institui,

288 2626 321 2685 et
346 2619 420 2684 veni
446 2620 486 2683 ad
510 2618 603 2683 illum
626 2639 790 2682 summum
807 2625 840 2682 61
857 2638 973 2702 regem
988 2626 1022 2684 et
1038 2619 1267 2704 philosophum
1287 2622 1456 2693 Robertun‚

199 2727 242 2792 20
288 2747 354 2792 non
383 2745 489 2811 regno
517 2746 614 2809 quam
640 2724 757 2790 litteris
787 2723 976 2801 clariorem,
1012 2746 1110 2809 quem
1135 2725 1268 2791 unicum
1305 2747 1415 2812 regem
1436 2728 1458 2788 el

287 2833 444 2899 scientiae
468 2832 610 2898 amicum
634 2838 666 2897 et
690 2830 821 2896 virtutis
845 2838 958 2898 nostra
976 2839 1067 2897 aetas
1085 2832 1208 2909 habuit,
1228 2840 1263 2900 ut
1279 2833 1348 2920 ipse
1372 2835 1408 2901 de
1421 2848 1457 2897 ne

286 2942 372 3027 quod
389 2940 448 3006 sibi
466 2940 570 3004 visum
588 2946 675 3004 esset
690 2947 852 3004 censeret.
870 2939 899 3003 A
916 2959 980 3023 quo
997 2939 1139 3023 qualiter
1154 2941 1245 3005 visus
1263 2949 1298 3007 61
1313 2943 1365 3008 661
1381 2957 1457 3027 quan

287 3055 440 3133 acceptus
464 3046 585 3112 fuerim
609 3046 733 3130 etipse
757 3066 846 3110 nunc
875 3046 978 3110 miror
1003 3052 1036 3111 et
1070 3053 1104 3111 tu
1129 3046 1155 3110 si
1184 3048 1331 3126 noveris,
1364 3050 1457 3120 lector,

286 3162 363 3241 puto
386 3154 564 3219 mirabere.
595 3152 713 3217 Audita
742 3158 854 3217 autem
882 3152 1043 3217 adventus
1071 3152 1136 3217 mei
1160 3173 1271 3231 causa,
1297 3156 1416 3221 mirum
1436 3152 1458 3216 in

197 3265 241 3329 25
288 3263 419 3329 modum
443 3260 648 3327 exhilaratus
665 3265 723 3336 est,
749 3267 781 3324 61
798 3259 977 3324 iuvenilem
1001 3260 1148 3343 cogitans
1174 3258 1338 3339 fiduciam,
1357 3270 1388 3328 et
1409 3262 1459 3326 for-

286 3371 369 3435 sitan
393 3368 541 3454 cogitans
565 3368 724 3431 honorem
749 3386 847 3450 quem
872 3373 1022 3451 peterem
1045 3387 1104 3431 sua
1129 3366 1234 3451 gloria
1260 3389 1327 3433 non
1345 3384 1457 3444 vacare,

285 3477 370 3563 quod
399 3495 461 3561 ego
492 3496 567 3540 eum
592 3474 697 3538 solum
726 3472 866 3538 iudicem
897 3473 1050 3538 idoneum
1083 3494 1101 3537 e
1125 3473 1251 3539 cunctis
1284 3475 1459 3543 mortalibus

286 3583 468 3668 elegissem.
494 3581 578 3657 Quid
604 3578 725 3644 multat
750 3580 830 3644 Post
846 3580 1038 3644 innumeras
1055 3580 1237 3645 verborum
1254 3573 1458 3648 collationesl

285 3690 387 3756 variis
414 3690 454 3755 de
479 3689 592 3763 rebus,
618 3694 848 3770 ostensamque
879 3685 938 3750 sibi
970 3685 1119 3750 Africam
1149 3687 1240 3751 illam
1263 3708 1388 3765 meam,
1410 3703 1460 3772 qua

195 3801 239 3864 30
285 3818 388 3883 usque
419 3797 500 3861 adeo
529 3794 708 3860 delectatus
735 3801 804 3868 est,
838 3800 874 3858 ut
901 3813 976 3858 eam
1007 3792 1066 3857 sibi
1098 3793 1230 3858 inscribi
1262 3815 1384 3881 magno
1415 3809 1460 3879 pro

284 3925 424 3971 munere
440 3908 600 3988 posceret,
617 3901 702 3985 quod
726 3920 853 3985 negare
877 3920 939 3965 nec
963 3899 1050 3984 potui
1070 3907 1161 3966 certe
1179 3921 1242 3966 nec
1258 3902 1359 3984 volui,
1376 3917 1460 3987 super

284 4033 323 4079 eo
347 4011 480 4078 tandem
504 4030 563 4094 pro
591 4029 656 4093 quo
680 4026 842 4072 veneram
869 4014 996 4073 certum
1027 4006 1104 4070 mihi
1130 4007 1300 4092 deputavit
1323 4009 1416 4086 diem,
1437 4010 1462 4071 et
1489 4059 1492 4066 .

286 4141 305 4185 a
322 4117 459 4184 meridie
473 4116 513 4181 ad
527 4135 703 4200 vesperam
715 4134 767 4179 me
780 4113 900 4190 tenuit;
914 4119 947 4178 et
959 4112 1123 4197 quoniam,
1138 4121 1312 4180 crescente
1325 4113 1462 4192 materia,

283 4230 388 4293 breve
404 4232 533 4309 tempus
557 4221 719 4307 apparuit,
737 4221 862 4285 duobus
887 4219 1045 4305 proximis
1069 4220 1182 4285 diebus
1206 4220 1294 4286 idem
1318 4221 1404 4288 16611.
1421 4220 1464 4288 Sic

194 4337 238 4402 35
283 4321 393 4400 triduo
420 4349 558 4396 excussa
584 4327 771 4412 ignomntia
795 4347 883 4408 mea,
908 4326 959 4391 die
983 4326 1081 4391 tertio
1111 4347 1164 4392 me
1193 4326 1329 4412 dignum
1357 4328 1465 4394 laurea

283 4435 475 4507 iudicavitae.
489 4438 573 4501 Eam
588 4434 666 4498 mihi
684 4434 818 4519 Neapoli
837 4432 1006 4516 offerebat,
1020 4440 1053 4499 et
1070 4440 1105 4499 ut
1121 4434 1304 4501 assentirer
1320 4436 1465 4521 precibus

283 4551 382 4620 etiam
397 4545 508 4612 multis
526 4542 776 4630 urgebat.Vicit
791 4562 886 4608 amor
902 4543 1028 4608 Romae
1040 4541 1268 4607 venerandam
1283 4542 1366 4610 tanti
1383 4541 1466 4632 regis
