3284 5750
263 1293 472 1395 RERUM
510 1289 1026 1392 nnnonnnnlnun
1065 1281 1262 1387 tinet*

529 1681 728 1757 cinno
775 1627 998 1757 PRIMO.

116 1896 279 1964 Distingue
300 1894 359 1950 due
379 1895 485 1963 generi
514 1893 633 1949 d’ozio:
654 1893 676 1947 il
694 1893 808 1948 vizioso
828 1893 865 1948 ed
884 1892 906 1946 il
927 1892 1098 1959 letterari03
1119 1891 1147 1946 di
1168 1896 1275 1960 questo
1295 1888 1404 1944 ultimo

190 1975 302 2032 turono
320 1975 393 2030 belli
412 1976 527 2044 esempi
555 1974 644 2029 idue
663 1972 812 2044 Scipioni,
833 1974 993 2041 Cicerone,
1014 1973 1113 2027 Muzio
1131 1971 1268 2038 scevola,
1289 1968 1405 2039 Epami-

190 2056 302 2124 nonda,
322 2057 451 2122 Socrate,
471 2057 514 2111 Re
532 2054 662 2111 Roberto
677 2054 807 2122 (capel).

300 2197 364 2264 Sed
387 2197 467 2262 mihi
490 2203 607 2264 cuncta
632 2195 794 2278 versanti,
820 2217 896 2261 cum
919 2196 950 2259 id
974 2196 1079 2260 solum
1102 2192 1259 2278 temporis
1283 2191 1405 2256 vixisse

209 2305 338 2388 videar,
355 2305 440 2389 quod
463 2304 586 2370 otiosus
609 2311 666 2369 aut
683 2303 771 2369 solus
788 2303 866 2380 vixi,
885 2303 992 2367 visum
1013 2308 1143 2366 estnon
1160 2300 1291 2365 aliunde
1308 2319 1407 2383 quam

209 2413 251 2478 ab
275 2411 341 2480 otio
365 2418 398 2478 et
420 2411 594 2477 solitudine
629 2410 833 2496 potissimum
868 2409 984 2491 ordiri,
1009 2428 1074 2473 non
1102 2407 1198 2472 modo
1233 2406 1318 2491 quod
1353 2405 1406 2470 hic

210 2518 352 2604 plurima
378 2524 410 2584 et
434 2516 577 2583 maxima
602 2517 688 2583 vitae
712 2537 805 2582 meae
821 2515 936 2582 solatia
956 2513 1154 2601 processisse
1171 2512 1332 2593 noverim,
1349 2511 1407 2576 sed
1427 2514 1430 2519 ’

139 2628 164 2692 5
213 2625 296 2711 quod
322 2625 430 2690 multis
458 2623 558 2690 etiam
582 2624 681 2689 claris
706 2623 801 2704 viris,
826 2623 954 2688 iactatis
977 2621 1064 2687 inter
1089 2641 1248 2685 curarum
1271 2618 1405 2697 fluctus,

212 2732 310 2797 huius
335 2738 448 2817 portus
483 2731 667 2816 quaesitum
700 2730 883 2795 remedium
912 2728 1121 2794 recordabar.
1147 2727 1303 2792 Ceterum
1332 2746 1406 2790 cum

213 2836 350 2905 solitarii
375 2838 430 2904 otii
454 2837 518 2903 duo
542 2837 606 2903 sint
630 2856 774 2923 genera,
798 2836 879 2901 illud
902 2856 1016 2901 somno
1045 2841 1077 2900 et
1100 2833 1240 2900 inertiae
1264 2832 1407 2898 amicum

212 2945 452 3031 quodquidam
475 2945 642 3029 lucifugae
677 2950 857 3020 sectantur,
883 2942 936 3028 qui
961 2941 1048 3007 villis
1083 2941 1149 3005 suis
1183 2947 1320 3005 utuntur
1345 2956 1405 3025 pro

211 3051 371 3138 sepulcris
395 3052 485 3117 etin
508 3051 572 3115 illis
595 3070 667 3115 sese
691 3050 854 3115 infodiunt
877 3049 1037 3126 viventes,
1055 3047 1145 3113 nulla
1167 3067 1205 3111 re
1229 3046 1292 3110 alia
1309 3068 1407 3131 quam
1490 3126 1493 3132 .

114 3161 161 3226 10
210 3160 265 3226 otii
292 3158 487 3244 cognomine
523 3157 669 3242 gloriosi,
694 3178 760 3222 non
785 3157 930 3222 litterato
955 3162 1099 3231 tantum,
1124 3155 1181 3220 sed
1209 3154 1283 3218 viro
1307 3155 1407 3219 etiam

211 3267 390 3332 obscenum
414 3272 512 3350 atque
529 3264 701 3349 indignum
724 3262 1035 3329 commemoratione
1053 3268 1237 3347 praetereo,
1251 3261 1406 3326 Alterum

209 3373 290 3438 illud
315 3372 484 3457 attingam,
510 3392 575 3437 non
598 3377 664 3438 tam
690 3370 781 3435 urbis
798 3370 880 3446 odio,
899 3390 997 3454 quam
1018 3368 1206 3433 litterarum
1223 3373 1256 3431 et
1272 3367 1405 3432 virtutis

212 3499 328 3545 amore
352 3478 581 3559 constitutum,
606 3478 692 3543 unde
706 3460 825 3542 ‘animo
848 3478 902 3542 vel
925 3476 1109 3541 studiorum
1132 3474 1265 3559 cupide,
1289 3475 1344 3539 vel
1367 3475 1408 3540 ad

211 3607 250 3652 ea
276 3586 401 3652 intento
438 3585 618 3669 dequibus
653 3585 805 3670 proxime
841 3583 988 3649 dicturus
1012 3604 1100 3658 sum,
1126 3581 1309 3665 gratissima
1333 3601 1409 3666 pro

120 3695 165 3760 15
212 3692 351 3758 veniunt
374 3692 540 3773 alimenta,
565 3698 602 3757 ut
624 3692 701 3756 hino
725 3690 843 3756 merito
879 3690 970 3755 velut
993 3710 1012 3753 a
1036 3688 1141 3773 primo
1177 3688 1409 3753 discendorum

209 3800 299 3866 fonte
323 3799 422 3864 totius
446 3798 646 3864 narrationis
672 3798 850 3863 descendat
867 3797 1051 3863 exordium.

117 3960 225 4015 L'ozio
251 3958 376 4030 classico
404 3958 480 4013 deve
498 3972 599 4013 essere
629 3958 746 4013 nutrito
774 3957 856 4025 dagli
882 3956 963 4011 studi
994 3956 1109 4011 edalla
1129 3956 1258 4018 scienza,
1277 3969 1361 4008 come
1379 3954 1409 4008 lo
1511 3968 1513 3973 ·

191 4053 328 4108 provano
341 4038 442 4093 Giulio
455 4039 572 4105 Cesare,
588 4040 734 4105 Auguste,
745 4040 890 4104 Varrone,
903 4037 1056 4103 Cicerone,
1069 4035 1222 4103 Sallusti0,
1233 4036 1297 4089 Tito
1313 4035 1407 4100 Livi0,

193 4119 303 4185 Plinio,
323 4118 444 4184 Catone,
459 4118 575 4185 Roscio,
591 4120 695 4186 Esop0,
716 4116 905 4183 Archimede,
924 4117 1072 4183 Pitagora,
1087 4117 1221 4181 Platone,
1236 4114 1407 4183 Aristotele,

192 4200 329 4347 {grata}
343 4199 531 4265 Demostene,
553 4198 730 4264 Democrito,
751 4189 914 4263 Cerne&
935 4198 1073 4263 Isocrate,
1088 4195 1205 4274 Solone,
1219 4196 1261 4249 Re
1278 4194 1408 4249 Roberto

242 4293 280 4348 po
334 4320 340 4332 .

304 4412 462 4496 Superest
485 4411 525 4477 de
542 4410 647 4477 studio
663 4417 820 4492 tractare,
844 4430 1006 4495 quaenam
1030 4408 1116 4474 enim
1141 4407 1409 4494 praecedentium

213 4524 286 4583 erat
302 4525 336 4583 et
352 4516 560 4601 sequentium
577 4516 792 4602 opportunior
811 4515 964 4581 iactura?
989 4516 1114 4600 Nempe
1135 4514 1408 4600 praecedentibus

211 4631 279 4690 tam
303 4630 442 4710 cognata
467 4623 607 4689 materia
628 4630 687 4705 est,
705 4630 741 4688 ut
764 4623 790 4687 si
816 4622 919 4688 otium
938 4623 1059 4703 demae,
1076 4622 1219 4687 studium
1241 4622 1409 4687 turbidum

125 4772 342 4784 -——-d

193 4836 211 4874 ²
230 4839 288 4893 Per
307 4838 329 4892 il
348 4842 424 4893 testo
451 4836 478 4892 ci
507 4837 602 4893 siamo
631 4837 763 4893 attenuti
783 4851 799 4891 a
816 4839 976 4893 anncnci
991 4857 993 4861 ·
1006 4838 1198 4901 Prrnnncm,
1222 4837 1320 4902 Opera
1339 4849 1408 4904 quoe

122 4920 231 4972 certant
250 4917 363 4973 orento.
382 4917 497 4973 Basilea
518 4918 596 4973 1581.
