3284 5750
360 1162 446 1262 DE
495 1153 893 1263 dontnnriu
941 1145 1192 1261 MUNDl*

587 1406 967 1511 (suenorum)

127 1833 362 1889 PREFAZIONE.
382 1860 416 1874 -
436 1830 471 1887 Al
490 1832 640 1899 petrarca,
656 1830 879 1898 meditabondo‚
896 1828 1100 1899 epresentato
1117 1830 1196 1885 dalla
1209 1828 1320 1895 Veritt,
1336 1842 1419 1884 corne

203 1936 259 1977 suo
278 1921 472 1990 oonsigliere,
495 1920 738 1988 Sant'Agostino.

678 2114 834 2189 Dialoqo
852 2115 877 2174 1.

133 2278 158 2333 ll
178 2279 319 2334 petrarca
347 2278 481 2333 lamenta
508 2275 539 2332 di
561 2290 621 2331 non
642 2276 756 2347 potensi
777 2276 909 2332 liberare
928 2275 1007 2332 dalle
1026 2290 1139 2331 umane
1159 2276 1293 2343 miserie,
1313 2290 1330 2331 e
1349 2276 1421 2330 San-

203 2356 371 2427 t'Agostino
385 2356 427 2425 gli
441 2356 587 2425 consiglia
607 2357 636 2412 di
650 2356 806 2423 seguireil
823 2370 878 2412 suo
892 2355 1025 2425 esempio
1039 2370 1055 2411 e
1069 2355 1100 2411 di
1112 2356 1194 2410 33131
1208 2356 1420 2419 formamente,
1437 2396 1438 2399 ,
1558 2421 1561 2426 Δ

204 2438 409 2509 inspirandosi
427 2437 455 2492 31
474 2437 616 2506 pensiero
635 2436 712 2493 della
732 2444 830 2491 morte
849 2436 886 2491 ed
911 2436 971 2491 3113
997 2435 1134 2491 terribile
1154 2437 1272 2492 visione
1292 2435 1362 2491 dell'
1375 2436 1421 2490 in·
1521 2437 1566 2510 s]

207 2519 304 2587 seruo,
323 2518 377 2573 che
397 2517 512 2574 rendon
532 2531 611 2572 vane
631 2523 709 2571 tutte
729 2516 757 2571 le
776 2516 910 2586 passioni
930 2516 959 2572 di
979 2522 1086 2586 questo
1107 2517 1227 2572 mondo.
1560 2509 1566 2549 ·'

201 2662 406 2725 Fnunmscus
429 2694 474 2708 -
495 2659 610 2736 Multa,
628 2678 713 2743 quae
732 2679 861 2724 mecum
884 2658 1001 2725 tacitus
1025 2678 1128 2744 agere
1144 2660 1244 2740 soleo,
1269 2665 1418 2735 nuncto

270 2767 433 2852 loquente,
457 2785 668 2849 recognosco
686 2765 823 2849 Signum
840 2772 952 2832 tamen
967 2766 1097 2851 aliquod
1116 2766 1296 2833 memoriae
1314 2787 1418 2848 meae,

267 2874 293 2939 si
328 2874 474 2955 videtur,
499 2872 664 2959 imprime,
688 2894 753 2958 quo
776 2873 962 2939 admonitus
1000 2874 1172 2960 posthoc,
1197 2876 1237 2941 de
1268 2895 1321 2942 me
1350 2868 1420 2962 ipse

267 2981 345 3046 mihi
368 3001 435 3046 non
458 2980 611 3062 mentiar,
629 3000 690 3046 nec
713 2981 885 3046 erroribus
904 2982 986 3047 meis
1002 2981 1249 3048 interblandiar.
1276 2982 1311 3046 ld
1327 2983 1417 3048 enim

268 3095 318 3153 est
340 3092 377 3153 ut
398 3086 505 3163 video,
529 3085 614 3170 quod
637 3092 765 3173 mentes
800 3086 970 3152 hominum
1005 3086 1088 3152 calle
1124 3087 1256 3153 virtutis
1286 3089 1419 3169 3131111,

267 3194 345 3259 dum
367 3200 489 3259 metam
511 3181 766 3277 apprehendisse
790 3199 895 3275 ratae,
913 3194 1055 3259 ulterius
1078 3214 1144 3260 non
1168 3195 1326 3280 aspirant.

201 3338 420 3403 Auoosrtuus
444 3373 487 3386 -
510 3335 631 3401 Libens
654 3336 738 3402 haec
760 3337 857 3402 audio
881 3357 922 3403 ex
947 3343 989 3420 13,
1015 3357 1122 3422 neque
1146 3338 1233 3404 enirn
1263 3337 1356 3404 otiosi
1385 3343 1418 3403 et

270 3464 391 3509 acasu
426 3442 607 3529 pendentis
632 3443 689 3508 sed
714 3444 813 3508 multa
849 3443 1142 3529 circumspicientis
1177 3444 1277 3509 animi
1314 3445 1418 3510 verba
1456 3460 1459 3464 ’
1563 3504 1566 3517 ,

269 3557 355 3616 3331.
373 3548 512 3635 Signum
527 3549 639 3635 igitur,
657 3570 721 3634 quo
737 3571 907 3635 nunquam
924 3550 1060 3632 fallaris,
1079 3552 1206 3637 acoipe;
1226 3551 1252 3616 si
1269 3552 1420 3636 quotiens
1562 3534 1566 3551 ⁴

267 3657 308 3723 de
331 3664 437 3723 morte
461 3657 633 3743 cogitabis,
658 3658 730 3723 loco
765 3678 831 3723 non
870 3659 1066 3736 moveberis
1091 3658 1171 3724 33113
1208 3665 1240 3724 13
1264 3659 1357 3724 13131
1381 3659 1420 3724 de

269 3764 369 3830 rebus
392 3762 524 3829 'ceteris
562 3762 722 3829 inutiliter
756 3763 933 3849 cogitasse,
969 3770 1003 3829 at
1042 3765 1068 3829 si
1103 3765 1137 3829 in
1172 3764 1240 3850 ipso
1276 3764 1420 3850 cogitatu

267 3870 465 3958 obrigueris,
492 3870 744 3951 contremueriS,
771 3870 984 3957 expallueris,
1003 3871 1126 3956 tibique
1151 3871 1217 3937 iam
1240 3871 1317 3937 huic
1333 3870 1423 3937 labo-

268 3998 345 4043 rare
369 3977 459 4044 visus
483 3977 597 4057 fueris,
617 3978 740 4043 medias
764 3977 853 4044 inter
878 3978 993 4044 mortis
1018 3978 1198 4065 angustias,
1218 3978 1243 4043 si
1268 3999 1344 4044 cum
1360 3980 1422 4045 hoc

271 4089 305 4150 et
327 4083 407 4149 illud
431 4089 594 4162 occurrat,
619 4083 762 4148 animam
784 4083 906 4165 illiciet,
925 4091 961 4150 ut
984 4105 1027 4150 ex
1051 4085 1100 4150 his
1118 4084 1274 4151 memhris
1291 4084 1421 4167 exierit,

159 4192 175 4208 '
270 4191 449 4258 sistendam
483 4191 517 4256 in
551 4197 690 4258 aeterno
724 4191 854 4271 iudicio,
891 4192 990 4258 totius
1026 4193 1114 4259 vitae
1149 4193 1353 4280 praeteritae
1389 4199 1422 4260 et

270 4298 450 4363 verborum
473 4296 637 4364 rationem
660 4298 903 4364 exactissimam
925 4320 1087 4365 summam
1111 4320 1183 4366 esse
1208 4300 1421 4366 reddendam.

271 4404 403 4470 Nullam
432 4403 572 4489 denique
607 4403 641 4469 in
676 4405 783 4471 forma
820 4407 969 4492 corporis
993 4413 1050 4473 aut
1082 4407 1115 4471 in
1147 4406 1259 4472 mundi
1295 4406 1421 4493 gloria:

141 4553 354 4564 ———

206 4630 301 4688 *Per
319 4633 437 4689 1113313
462 4633 488 4688 ci
512 4633 607 4689 siamo
632 4635 765 4692 attenuti
792 4650 808 4691 a
831 4637 990 4694 Fanncrscr
1015 4639 1204 4707 Pernaacm,
1226 4638 1423 4711 0331333333
1519 4598 1566 4683 ¹·ss

138 4713 246 4768 331331
264 4712 375 4768 omnia.
394 4713 510 4769 Basiloa
530 4715 609 4772 1581.
