3284 5750
315 1426 408 1526 en
451 1407 645 1531 virus
691 1380 1221 1530 renueremus*

606 1709 924 1813 (neironem)

686 1955 845 1964 ..μ-α...-

117 2161 217 2216 Narra
237 2159 433 2216 brevemente
459 2160 488 2215 la
506 2160 571 2216 rita
596 2159 625 2216 di
646 2161 781 2228 Romele,
802 2162 910 2228 Numa,
931 2162 961 2216 T.
973 2160 1087 2229 Oslilie,
1108 2161 1275 2229 Aliarum,
1295 2162 1406 2218 Giunio

192 2243 298 2307 Brute,
317 2241 422 2296 Orazio
440 2241 562 2309 Coclite,
582 2241 771 2308 Cincinnato,
792 2244 822 2298 F.
834 2242 969 2310 Camillo,
985 2244 1024 2297 M.
1036 2245 1070 2298 V.
1082 2243 1223 2311 Corvino,
1244 2247 1275 2299 T.
1287 2246 1326 2300 M.
1338 2247 1407 2300 Ter-

191 2326 296 2391 quate,
317 2322 348 2376 P.
359 2321 457 2390 Decio,
479 2323 508 2376 L.
521 2321 650 2392 Papirie,
670 2321 762 2377 Curio
780 2324 918 2389 Dentat0,
938 2324 969 2378 L.
982 2322 1124 2378 Fabricio

605 2604 739 2664 Iunius
766 2604 925 2665 Brutus

300 2801 362 2868 Hic
385 2802 540 2869 fundator
571 2803 746 2887 libertatis,
770 2803 893 2870 vindex
920 2804 1094 2891 pudicitiae
1123 2805 1163 2870 eb
1186 2803 1315 2870 illatum
1341 2805 1407 2868 Lu-

211 2909 335 2975 cretiae
369 2909 489 2996 insigni
523 2910 665 2976 feminae
695 2932 755 2997 per
785 2912 851 2976 vim
879 2918 1030 2997 stuprum
1061 2906 1086 2977 a
1104 2913 1205 2979 Sexte
1228 2910 1405 2996 Tarquinio

213 3035 426 3082 remanorum
444 3017 533 3104 regis
550 3016 626 3100 filie,
640 3040 715 3084 cum
731 3018 799 3104 ipsa
817 3017 949 3103 quidem
964 3018 1218 3103 intemperantia
1237 3038 1275 3084 ac
1292 3018 1406 3084 delere

211 3122 383 3206 facinoris,
408 3144 521 3190 ceram
548 3125 614 3190 suis
642 3130 757 3210 questa
788 3145 861 3191 sese
891 3125 1025 3210 propria
1060 3125 1254 3210 peremisset
1288 3145 1404 3204 manu,

138 3229 162 3293 5
211 3229 353 3296 caeteris
376 3230 409 3295 in
433 3230 587 3312 lacrimas
610 3238 644 3298 ei
667 3233 820 3317 querelas
844 3232 968 3313 versis,
993 3230 1185 3317 indignitate
1209 3231 1259 3296 rei
1283 3251 1403 3317 regum

211 3357 271 3422 per
294 3337 368 3404 odia
392 3358 564 3419 accensus,
589 3360 786 3424 quamquam
821 3338 916 3425 regia
939 3358 1053 3404 serore
1080 3338 1286 3424 progenitus,
1313 3338 1405 3423 inge-

210 3443 331 3529 nioque
354 3452 388 3510 et
410 3446 519 3512 anime
543 3445 652 3533 (quem
678 3452 767 3513 metu
790 3446 976 3531 tyrannidis
1000 3452 1135 3531 prepter
1156 3445 1401 3511 interfectuma

211 3570 293 3637 rege
315 3542 458 3617 fratrem
481 3572 576 3617 suum
600 3552 780 3640 celaverat)
797 3552 970 3638 patefacte,
988 3552 1170 3638 principem
1193 3571 1229 3617 se
1253 3552 1404 3638 publicae

210 3656 343 3723 ultionis
366 3657 524 3735 exhibuit,
549 3679 770 3744 magnumque
793 3679 885 3744 opus,
910 3658 966 3725 sed
990 3659 1124 3725 favente
1147 3658 1269 3725 iustitia
1293 3665 1327 3724 et
1350 3678 1406 3744 po

118 3764 163 3828 10
210 3765 287 3849 pulo
311 3785 500 3850 aggressae,
524 3766 739 3851 Tarquinium
762 3767 950 3851 Superbum
985 3786 1127 3851 suesque
1162 3751 1275 3832 omnes
1299 3767 1405 3832 Roma

210 3870 346 3957 expulit.
363 3872 436 3948 Que
460 3872 578 3939 merite
602 3873 727 3958 primus
751 3872 885 3955 Consul,
903 3872 1120 3939 nobilissimos
1143 3872 1405 3938 adolescentulos

211 3975 309 4056 filies,
333 3978 419 4064 qued
454 3978 578 4044 consilii
613 3980 881 4046 reducendorum
916 3979 948 4043 in
981 3980 1064 4045 urbe
1088 3999 1207 4065 regum
1230 3977 1405 4064 participes
1521 4001 1524 4007 ·

210 4083 359 4166 fuissent,
383 4085 550 4151 serviliter
573 4085 677 4172 virgis
694 4105 816 4163 caeses,
834 4084 944 4152 securi
968 4086 1095 4171 percuti
1114 4084 1281 4170 cecidique
1297 4084 1401 4167 iussit,
1507 4167 1510 4174 Ι

211 4211 251 4256 ac
285 4190 411 4257 maiore
444 4191 572 4277 patriae
606 4214 705 4277 quam
739 4192 907 4279 sanguinis
940 4192 1070 4278 pietate,
1094 4191 1179 4258 tristi
1215 4193 1403 4277 spectaculo
1497 4281 1500 4286 Ι

121 4298 165 4362 15
211 4318 350 4364 severus
385 4305 478 4384 pater
513 4298 672 4365 interfuit.
698 4300 846 4385 Cumque
882 4320 944 4366 rex
978 4299 1073 4365 exsul
1102 4301 1308 4366 obstructum
1343 4298 1403 4363 sibi
1466 4292 1468 4296 ⁴

211 4404 342 4489 fraudis,
371 4404 435 4471 iter
469 4405 510 4470 ad
545 4404 688 4471 reditum
721 4405 924 4492 intelligens,
949 4405 989 4471 ad
1026 4411 1174 4491 apertam
1209 4404 1275 4469 vim
1307 4411 1406 4490 atque

211 4512 453 4578 Hetruscerum
476 4512 677 4599 confugisset
699 4513 883 4594 auxiliaci
907 4512 958 4577 his
976 4512 1091 4589 fretus,
1109 4532 1229 4599 magno
1253 4514 1405 4579 exercitu

123 4715 338 4724 ——-

193 4812 211 4852 *
230 4815 331 4871 Perii
349 4821 426 4872 testo
447 4815 475 4871 ci
493 4816 589 4872 siamo
608 4816 740 4873 attenuti
763 4833 780 4873 a
804 4817 968 4899 Faunorum
987 4818 1189 4887 Parnnnonn,
1210 4817 1309 4885 Opera
1327 4830 1406 4886 quac

122 4897 231 4952 atam
250 4895 362 4953 omnio.
381 4896 495 4953 Basilea
515 4898 594 4955 1581.
