3284 5750
735 724 854 777 nenton

243 904 372 971 Tertius
394 904 471 972 inde
494 926 604 992 nepos,
627 912 663 973 ut
686 906 783 974 avitis
805 914 902 994 atque
925 908 1071 994 paternis

150 1011 220 1077 615
245 1012 390 1079 Accedat
411 1012 523 1095 titulis,
547 1014 695 1099 quamvis
718 1014 889 1081 obscurius
912 1015 959 1080 illi

242 1119 344 1185 Fama
368 1118 455 1186 dedit
478 1140 608 1198 nomen,
633 1120 730 1186 simili
753 1120 872 1207 pietate
895 1123 1046 1188 Lucanas

243 1226 369 1293 Stravit
391 1246 478 1313 opes,
503 1226 599 1313 parili
623 1228 824 1295 descendens
846 1228 979 1295 tramite
1002 1228 1044 1295 ad
1066 1229 1211 1294 umbras.

242 1333 296 1400 Sic
318 1333 423 1399 tribus
446 1334 480 1400 in
504 1336 627 1421 campis
650 1336 784 1403 totidem
806 1343 895 1422 patet
918 1336 1034 1403 ordine
1058 1335 1147 1403 cives

242 1440 284 1507 Et
307 1441 450 1526 palmam
470 1441 636 1528 peperisse
660 1462 742 1509 nece
766 1449 798 1509 et
821 1443 957 1529 periisse
981 1443 1138 1509 volentes.

150 1546 220 1612 620
244 1547 391 1634 Ogenus
415 1548 582 1627 eximium
607 1549 741 1636 dignum
763 1550 814 1616 cui
838 1550 970 1617 saecula
993 1557 1110 1616 cuncta

245 1652 321 1721 Rite
345 1661 467 1721 canant
489 1655 610 1735 laudes
635 1657 685 1722 cui
709 1657 799 1722 nulla
823 1657 943 1723 oblivio
966 1656 1087 1723 sensim

243 1761 398 1847 Obrepat,
421 1769 576 1848 serosque
600 1770 688 1830 vetet
711 1764 883 1831 celebrare
907 1764 1061 1858 nepotesl

242 1870 363 1935 Cetera
387 1876 464 1936 nota
486 1870 544 1937 tibi
567 1891 606 1936 33
630 1871 749 1956 passim
772 1872 905 1959 vulgata
929 1872 1089 1957 relinquo.

242 1975 361 2041 Vidisti
385 1974 501 2063 (neque
525 1977 613 2043 enim
637 1985 704 2043 tam
727 1977 827 2064 longa
849 1978 1027 2044 intervenit
1051 1984 1151 2054 aetas,

152 2082 221 2147 625
244 2083 287 2147 Ut
310 2102 450 2168 nequeas
473 2082 606 2170 vidisse)
627 2083 741 2169 quibus
765 2084 959 2150 fortissimus
983 2082 1061 2149 olim

243 2192 388 2277 Regulus
412 2191 576 2277 expositus
598 2191 742 2259 servarit
765 2214 861 2258 sacra
885 2192 1044 2276 fidemque

242 2296 421 2382 Suppliciis,
445 2304 567 2382 quanto
590 2297 718 2383 patriae
740 2297 960 2365 inflammatus
983 2317 1107 2363 amore.

240 2403 313 2469 Heu
335 2404 421 2470 hene
443 2410 521 2471 nate
544 2424 657 2486 senen,
681 2426 847 2496 nunquam
870 2412 924 2471 tua
949 2405 1037 2470 fama
1060 2403 1194 2489 peribit!
1283 2396 1285 2401 ’

244 2514 292 2577 Tu
315 2513 477 2589 moreris3
501 2518 612 2579 tamen
636 2513 692 2578 illa
714 2514 772 2580 tihi
794 2534 952 2580 mansura
975 2520 1140 2599 superstes

152 2618 221 2682 630
243 2617 336 2684 Vivit
359 2623 391 2683 et
414 2625 588 2684 aeternum
611 2618 709 2685 vivet.

241 2726 443 2810 Quamquam
465 2724 541 2810 quid
564 2746 687 2812 genera
710 2734 806 2812 atque
832 2726 921 2793 viros
944 2746 1131 2793 memorare
1154 2746 1288 2793 necesse
1312 2731 1372 2808 est,

242 2832 351 2908 Quum
370 2852 467 2918 saepe
490 2832 532 2899 ad
555 2839 680 2899 certam
703 2833 847 2921 legiones
872 2855 1011 2903 currere
1035 2841 1176 2902 mortem

241 2939 442 3022 Viderimus,
466 2947 671 3007 monstrante
695 2940 776 3009 duce
799 2948 833 3008 et
858 2963 915 3008 sua
939 2943 1006 3009 fata
1030 2942 1175 3025 docente,

241 3047 296 3113 lre
319 3045 403 3126 licet,
428 3047 601 3129 clamante,
626 3047 700 3126 viri,
725 3048 925 3135 vetitumque
950 3048 1062 3116 redire
1085 3056 1155 3125 est;

149 3153 218 3218 635
241 3152 310 3220 Nec
332 3151 463 3220 flexisse
487 3153 613 3220 animos
636 3152 718 3236 ideo,
744 3176 804 3222 nec
828 3155 951 3221 lumina
973 3175 1176 3240 quemquam,
1257 3199 1260 3203 ·

241 3260 508 3347 Praerapidoque
531 3260 624 3327 leves
644 3255 745 3327 ivisse
768 3262 802 3327 in
827 3263 966 3328 vulnera
990 3261 1101 3328 saltul

241 3368 427 3434 Romanum
449 3366 536 3450 est⁶³‚
560 3369 587 3434 si
611 3369 727 3450 nescis,
751 3389 840 3455 opus,
865 3377 1078 3436 contemnere
1101 3388 1195 3435 casus

240 3474 416 3557 Fortuitos,
441 3475 732 3560 placideyvenienti
757 3497 938 3543 occurrere
961 3477 1070 3560 morti,

241 3583 407 3668 Spernere
429 3602 514 3668 quae
537 3591 650 3668 gentes
674 3583 759 3649 31133
782 3584 946 3651 mirantur
970 3591 1002 3651 et
1025 3589 1147 3670 optant,

150 3689 219 3753 640
243 3689 366 3755 Contra
390 3695 499 3755 autem
523 3689 674 3775 amplecti
697 3711 779 3775 quae
802 3691 1009 3757 formidanda
1034 3691 1199 3772 videntur,

239 3796 386 3862 Vincere
409 3797 565 3883 supplicia
588 3803 620 3864 et
642 3797 754 3864 tristes
778 3798 909 3864 calcare
933 3798 1072 3879 dolores,

243 3903 364 3989 Sponte
387 3903 472 3970 mori
495 3903 610 3989 potius,
633 3925 732 3990 quam
754 3912 885 3991 turpem
908 3905 1030 3992 degere
1055 3904 1167 3970 vitam.

150 4017 234 4073 Lelio
252 4024 393 4074 raccouta
412 4031 532 4085 ancora,
559 4033 679 4089 sempre
698 4034 715 4075 3
734 4019 878 4075 richiesta
896 4019 927 4076 di
946 4019 1053 4086 Silam,
1079 4019 1108 4073 la
1127 4015 1256 4073 cacciata
1275 4015 1325 4072 dei
1343 4017 1386 4074 Re
1406 4014 1437 4072 di
1556 4006 1566 4113 'q

222 4091 318 4146 Roma
337 4091 379 4158 (v.
398 4091 539 4159 643-802).
1565 4126 1566 4133 1

571 4224 741 4301 LIBRO
771 4225 1015 4316 QUARTO.

149 4365 246 4432 Lelio‚
265 4370 392 4435 pregato
410 4365 447 4422 da
465 4365 571 4435 811333,
591 4379 682 4422 narra
694 4365 723 4421 13
736 4366 868 4436 imprese
881 4366 912 4422 di
925 4366 1063 4436 Scipione
1083 4365 1124 4433 (v.
1140 4366 1251 4434 1-388);
1271 4379 1320 4420 ma
1337 4363 1437 4434 prima

223 4449 263 4493 ne
281 4436 420 4494 descrive
438 4438 467 4493 la
486 4437 585 4506 figura
604 4438 687 4494 fisica
709 4451 726 4492 3
745 4437 870 4494 morale.

242 4543 330 4609 Nulli
351 4565 495 4630 unquam
518 4551 637 4612 natura
659 4544 734 4610 viro
760 4552 826 4610 tam
850 4545 945 4631 larga
969 4545 1068 4611 fuisse

242 4651 407 4718 Creditur.
431 4652 594 4718 AEthereo
616 4671 735 4736 corpus
759 4650 934 4737 splendore
958 4651 1108 4727 nitescit3

241 4759 422 4847 Imperiosa
445 4759 560 4826 ducem
581 4759 676 4826 frons
698 4758 809 4846 arguit
833 4778 951 4845 aspera
973 4758 1138 4842 blandum,
