3284 5750
614 641 768 728 nrisuonn
795 684 839 728 un
863 672 1025 729 rosdnbos'
1438 651 1460 728 9

265 856 487 923 instantiamae.
512 860 626 944 Itaque
654 857 834 925 inflexibile
864 858 1066 944 propositum
1094 879 1206 924 meum
1229 879 1381 935 cernane,
1410 858 1461 925 lit-

265 971 357 1030 teras
373 966 451 1029 mihi
468 962 501 1031 et
514 966 650 1031 nuncios
666 967 705 1031 ad
724 967 882 1031 Senatum
900 967 1088 1032 Romanum
1103 965 1200 1047 dedit,
1217 965 1334 1051 quibus
1351 966 1391 1031 de
1407 986 1460 1031 me

265 1071 422 1137 iudicium
445 1094 540 1138 suum
564 1093 686 1159 magno
705 1074 820 1138 favore
837 1074 1005 1159 professus
1022 1080 1085 1139 est:
1111 1074 1196 1157 quod
1224 1073 1355 1157 quidem
1381 1080 1461 1138 tunc
1556 1069 1558 1074 ’

266 1178 421 1244 iudicium
438 1180 572 1265 regium·
585 1188 618 1246 et
636 1181 815 1245 multorum
833 1188 867 1246 el
882 1200 956 1246 meo
970 1178 1128 1265 inprimis
1145 1179 1263 1245 iudicio
1281 1200 1461 1246 consonum

194 1284 217 1349 5
266 1284 342 1360 fuit3
372 1285 466 1351 hodie
501 1293 535 1351 et
562 1286 662 1371 ipsius
691 1293 724 1351 et
747 1307 859 1352 meum
886 1293 919 1352 et
951 1285 1097 1379 omnium
1131 1286 1217 1351 idem
1250 1285 1460 1351 sentientium

266 1391 423 1457 iudicium
446 1414 511 1458 non
535 1394 648 1478 probo.
673 1394 753 1458 Plus
782 1394 814 1457 in
839 1414 915 1459 eum
941 1393 1044 1459 valuit
1060 1414 1154 1458 amor
1171 1399 1203 1459 et
1227 1393 1343 1459 aetatis
1360 1393 1457 1458 favor

265 1520 364 1582 quam
391 1500 461 1565 veri
486 1500 639 1565 studium.
664 1500 752 1565 Veni
776 1507 898 1576 tamen,
924 1509 956 1565 et
979 1500 1158 1585 quamlibet
1180 1500 1342 1585 indignus
1367 1507 1460 1566 tanto

267 1612 379 1671 tamen
403 1607 509 1673 fretus
533 1606 676 1691 fisusque
693 1608 821 1684 iudicio,
841 1628 969 1673 summo
986 1628 1061 1673 cum
1085 1607 1204 1693 gaudio
1220 1608 1459 1689 Romanorum,

265 1713 322 1797 qui
338 1713 383 1777 illi
400 1714 596 1779 solemnitati
621 1714 783 1780 interesse
800 1722 987 1799 potuerunt,
1006 1714 1157 1779 lauream
1174 1714 1335 1799 poeticam
1353 1714 1460 1779 adbuc

178 1824 220 1888 10
267 1821 481 1887 scholasticus
506 1821 596 1886 rudis
620 1823 756 1907 adeptus
780 1818 890 1886 sum³⁷.
915 1822 962 1887 De
985 1821 1104 1905 quibus
1127 1822 1227 1887 etiam
1255 1830 1287 1887 et
1311 1820 1459 1886 carmine

265 1938 300 1994 et
330 1929 435 1995 soluta
468 1928 618 1994 oratione
649 1928 806 2014 epistolae
842 1949 936 1994 meae
967 1926 1079 1993 sunt³⁸.
1112 1929 1203 1994 Haec
1233 1928 1312 1992 mihi
1342 1927 1459 1993 laurea

265 2035 423 2101 scientiae
456 2035 553 2112 nihil,
584 2035 763 2121 plurimum
796 2056 879 2100 vero
908 2034 1070 2120 quaesivit
1105 2034 1256 2099 invidiae.
1286 2034 1349 2100 Sed
1378 2034 1460 2099 haec

266 2162 396 2227 quoque
420 2142 557 2207 historia
581 2142 710 2228 longior
735 2149 785 2208 est
807 2162 905 2226 quam
933 2148 1045 2227 poscat
1069 2141 1121 2206 hio
1143 2141 1244 2206 locus.
1274 2141 1352 2206 Inde
1376 2160 1459 2226 ergo

265 2249 433 2335 digressus
457 2251 614 2314 Parmam
640 2249 730 2329 veni,
756 2255 887 2315 etcum
911 2248 973 2313 illis
998 2248 1037 2314 de
1063 2248 1216 2332 Corrigia
1240 2248 1320 2312 uiris
1348 2249 1381 2311 in
1406 2267 1459 2312 me

178 2356 220 2421 15
268 2355 505 2421 liberalissimis
528 2363 626 2441 atque
650 2356 788 2441 optimis,
806 2356 863 2420 sed
887 2356 974 2420 inter
995 2376 1031 2420 se
1053 2355 1138 2420 male
1160 2354 1386 2432 concordibus,
1404 2354 1458 2439 qui

264 2470 344 2529 tunc
368 2464 485 2529 urbem
509 2463 598 2527 illam
622 2463 679 2528 tali
705 2463 866 2548 regimine
890 2463 1123 2548 gubernabant
1138 2461 1236 2546 quale
1254 2482 1315 2527 nec
1332 2467 1408 2526 ante
1425 2460 1458 2524 in

265 2570 426 2636 memoria
461 2570 628 2636 hominum
661 2572 823 2636 babuerat
851 2571 965 2637 civitas
990 2570 1060 2646 illa,
1088 2591 1152 2635 nec
1182 2576 1291 2635 aetate
1322 2569 1398 2644 hac,
1424 2576 1459 2634 ut

264 2697 426 2763 auguror,
451 2670 616 2747 habitura]
629 2685 688 2758 est,
706 2678 946 2762 aliquantulum
969 2685 1098 2763 tempus
1117 2676 1241 2763 peregi.
1259 2676 1301 2740 Et
1317 2675 1458 2759 suscepti

264 2804 394 2850 memor
409 2784 554 2865 honoris,
572 2784 793 2869 sollicitusque
810 2805 853 2848 ne
873 2784 1006 2870 indigno
1023 2784 1161 2850 collatus
1179 2782 1362 2859 videretur,
1383 2803 1459 2847 cum

175 2892 217 2958 20
265 2891 317 2957 die
332 2892 474 2977 quodam
490 2891 522 2954 in
537 2898 696 2957 montana
715 2893 948 2968 conscendens,
965 2893 1052 2958 forte
1069 2901 1161 2958 trans
1178 2891 1310 2956 Entiam
1326 2910 1458 2955 amnem

262 2997 424 3084 Rheginis
447 2997 479 3062 in
504 2997 623 3062 finibus
640 2998 773 3079 Silvam,
790 3019 876 3084 quae
894 2999 997 3064 Plana
1023 2999 1152 3075 dicitur,
1170 2998 1332 3078 adiissem,
1352 2996 1458 3062 subita
1562 3058 1565 3067 .

217 3191 220 3197 ¹
263 3105 326 3171 loci
350 3104 458 3190 specie
483 3126 669 3190 percussus
686 3105 725 3170 ad
750 3106 971 3171 intermissam
995 3106 1145 3171 Africam
1168 3105 1277 3171 stilum
1302 3103 1402 3180 verti;
1426 3113 1458 3169 et

264 3213 401 3277 fervore
425 3211 534 3288 animi,
556 3213 611 3296 qui
635 3212 757 3297 sopitus
782 3213 966 3289 videbatur,
992 3213 1144 3294 excitato,
1170 3211 1285 3297 scripsi
1309 3210 1458 3296 aliquan-

263 3317 370 3382 tulum
386 3316 438 3382 die
455 3317 519 3394 illo,
537 3325 609 3402 post
625 3318 788 3384 continuis
803 3319 917 3384 diebus
941 3319 1083 3403 quotidie
1102 3318 1233 3402 aliquid,
1254 3317 1357 3382 donec
1373 3318 1457 3403 Par-

175 3425 216 3489 25
264 3445 354 3489 mam
377 3423 508 3489 rediens
534 3431 566 3489 et
591 3431 756 3509 repostam
779 3446 818 3491 ac
836 3426 1047 3510 tranquillam
1070 3433 1186 3490 nactus
1211 3425 1353 3505 domum,
1372 3444 1457 3508 quae
1487 3414 1492 3427 '

263 3536 374 3615 postea
399 3536 517 3614 empta,
534 3551 624 3595 nunc
647 3530 746 3596 etiam
764 3552 839 3596 mea
856 3539 915 3609 est,
933 3539 1023 3597 tanto
1040 3531 1162 3597 ardore
1179 3551 1259 3616 opus
1282 3530 1373 3612 illud,
1390 3549 1458 3595 non

262 3635 439 3722 magnoin
463 3643 626 3722 tempore,
651 3637 691 3702 ad
715 3637 841 3703 exitum
873 3638 1008 3720 deduxi,
1037 3646 1073 3703 ut
1107 3638 1174 3723 ipse
1206 3657 1335 3722 quoque
1369 3658 1457 3701 nunc

262 3750 420 3827 stupeam.
447 3743 525 3807 Inde
550 3764 708 3809 reversus
739 3745 780 3809 ad
804 3745 929 3810 fontem
953 3744 1090 3830 Sorgiae
1118 3751 1151 3810 et
1179 3745 1219 3808 ad
1249 3743 1457 3808 solitudinem
1489 3820 1494 3835 ι

262 3849 501 3934 transalpinam
536 3851 619 3916 redii
654 3851 734 3916 cum'
765 3851 830 3916 iam
860 3859 1015 3936 quartum
1042 3859 1076 3918 et
1105 3850 1313 3937 trigesimum
1340 3849 1457 3915 aetatis

176 3959 213 4022 30
261 3977 385 4022 annum
409 3965 480 4042 post
502 3964 598 4043 terga
624 3958 864 4043 relinquerem;
889 3959 1008 4044 diuque
1034 3965 1067 4023 et
1082 3960 1225 4023 Parmae
1249 3964 1282 4023 et
1298 3957 1456 4023 Veronae

261 4071 423 4140 versatus,
437 4070 470 4128 et
491 4063 621 4149 ubique,
646 4066 714 4130 Deo
738 4065 873 4151 gratias
899 4086 998 4131 carus
1022 4065 1162 4146 habitus,
1187 4064 1289 4128 multo
1315 4063 1455 4149 amplius

259 4191 360 4255 quam
375 4171 533 4236 valerem.
551 4173 699 4258 Longum
726 4180 796 4259 post
812 4180 940 4258 tempus
957 4172 1021 4236 viri
1039 4172 1160 4257 optimi,
1178 4179 1212 4237 et
1228 4170 1320 4237 cuius
1345 4154 1456 4236 nescio

259 4298 302 4342 an
319 4297 338 4342 e
355 4297 495 4343 numero
513 4278 720 4344 dominorum
737 4280 911 4364 quisquam
933 4280 1046 4344 similis
1070 4300 1129 4344 sua
1148 4285 1256 4344 aetate
1275 4278 1327 4342 vir
1344 4278 1455 4354 fuerit,

259 4384 360 4449 immo
376 4404 458 4450 vero
475 4385 541 4451 scio
559 4386 645 4471 quod
661 4387 781 4469 nullus,
798 4387 910 4452 Jacobi
927 4387 967 4452 de
984 4386 1168 4452 Carrharia
1185 4385 1331 4451 Junioris
1349 4385 1455 4450 lamae

175 4493 211 4558 35
258 4491 437 4578 praeconio
450 4491 714 4559 benevolentiam
726 4495 872 4579 adeptus,
885 4493 1013 4559 nunciis
1026 4514 1155 4578 quoque
1168 4499 1201 4557 et
1213 4492 1331 4558 litteris
1352 4512 1454 4576 usque

259 4605 353 4664 trans
377 4598 491 4682 Alpes
516 4599 648 4683 quando
672 4600 715 4664 ibi
740 4621 847 4681 eram,
873 4607 905 4666 et
933 4620 992 4685 per
1020 4599 1148 4665 ltaliam
1180 4600 1376 4683 ubicumque
1406 4598 1454 4662 fui

259 4703 380 4771 multos
403 4724 464 4792 per
488 4724 592 4771 annos
616 4706 713 4772 tantis
751 4707 903 4792 precibus
934 4705 1090 4792 fatigatus
1114 4727 1203 4784 sum,
1233 4711 1267 4779 et
1296 4705 1330 4798 in
1360 4725 1453 4773 suam
