3284 5750
477 423 740 462 w

642 562 829 612 FRANGESGO
856 563 1026 610 PETRARGA

479 849 588 905 Frano.
614 848 764 903 Petrarca
788 847 928 903 Johannl
947 846 1095 902 Boccatlo
1115 846 1147 901 S.
1157 845 1181 880 ¹⁴

371 1061 501 1146 Magnis
524 1081 578 1126 me
608 1060 763 1126 monstris
798 1059 956 1145 implevit,
980 1060 1098 1140 frater,
1122 1060 1263 1144 epistula
1284 1067 1344 1136 tua,
1363 1077 1428 1143 quarn
1502 1072 1507 1133 ξ

283 1168 357 1233 dum
383 1168 542 1253 legerem,
567 1174 681 1252 stupor
716 1166 833 1252 ingens
868 1187 942 1231 cum
975 1166 1100 1250 ingenti
1125 1186 1282 1233 maerore
1303 1166 1429 1232 certabat:
1488 1159 1506 1219 'l

282 1283 420 1360 uterque
444 1273 523 1339 abiit
546 1293 643 1358 quum
668 1272 832 1358 legissem.
858 1272 980 1349 Quibus
1004 1273 1091 1337 enim
1115 1273 1230 1351 oculis,
1255 1273 1312 1338 uisi
1333 1273 1432 1338 hunau·
1504 1285 1507 1321 1

284 1382 377 1459 tibus
402 1388 536 1446 tuarum
560 1379 783 1457 lacrimarum,
801 1380 919 1465 tuique,
936 1387 1004 1445 tam
1024 1379 1124 1446 vicini
1145 1380 1255 1446 obitus
1278 1380 1433 1445 mentionem

215 1488 237 1553 5
282 1489 397 1574 legere
433 1487 625 1572 potuissem,
663 1507 778 1551 rernm
813 1487 941 1551 nescius
983 1486 1132 1568 omnino,
1170 1487 1311 1572 solisque
1341 1486 1434 1551 inhians
1467 1524 1471 1531 -

282 1593 420 1660 verbisl
446 1594 507 1660 Ubi
531 1593 663 1659 demum
687 1593 719 1657 in
744 1613 817 1658 rem
840 1593 944 1678 ipsam
967 1593 1117 1667 internos
1151 1592 1229 1659 flexi
1258 1595 1361 1660 oculos
1383 1589 1435 1656 dh·

283 1703 395 1787 xique,
421 1707 564 1766 mutatus
600 1700 686 1766 illico
720 1700 819 1766 animi
858 1707 961 1767 status
996 1709 1029 1767 et
1062 1692 1234 1787 stuporem
1269 1701 1394 1788 seposuit
1415 1703 1437 1762 ct
1472 1732 1498 1771 ςΙῚ

285 1828 486 1875 maerorem.
511 1810 579 1873 lam
604 1809 746 1894 primum
781 1807 868 1893 quod
891 1817 966 1875 erat
987 1809 1022 1873 in
1045 1809 1113 1894 ipsa
1139 1810 1325 1876 litterarum
1359 1810 1436 1873 lronlo

284 1923 470 2002 praetereo,
499 1916 554 1980 ubi
590 1916 871 1981 verecundissime
906 1915 1068 2002 simulque
1104 1918 1373 1984 reverendissime
1395 1932 1438 1979 non

90 2106 109 2115 Ν
199 2025 242 2089 10
287 2031 320 2089 te
344 2044 461 2089 ausum
485 2022 574 2104 dicis,
599 2021 822 2108 praeceptoris
846 2022 892 2088 tui
917 2022 1018 2088 incliti
1041 2022 1099 2109 (sic
1120 2045 1175 2090 me
1191 2025 1293 2091 nimia
1307 2032 1358 2090 tua
1372 2024 1438 2086 vocal

284 2130 461 2217 humilitas)
485 2130 658 2196 consilium
681 2130 881 2215 improbare,
906 2129 991 2215 quod
1015 2132 1126 2196 Musas
1150 2139 1328 2218 totumque,
1355 2126 1439 2204 uhab,

284 2237 442 2303 Helicona
478 2256 607 2303 mecum
640 2238 786 2318 trahens,
811 2236 905 2302 cuius
930 2238 1017 2319 olim,
1044 2245 1079 2303 ut
1102 2239 1175 2320 scis,
1200 2239 1293 2325 inops
1316 2234 1441 2323 plebeius

284 2365 348 2430 que
363 2344 470 2410 incola
487 2344 629 2426 sueram,
647 2364 735 2410 nunc
758 2345 825 2409 iam
849 2345 1034 2431 peregrinis
1050 2347 1238 2413 abstractus
1257 2347 1351 2423 curis,
1367 2357 1443 2430 paene
1500 2328 1506 2385 ss',

284 2452 451 2537 expulsus,
478 2451 571 2536 quasi
607 2450 768 2516 damnatis
805 2451 904 2533 Italis,
928 2457 962 2517 et
996 2451 1136 2536 indignis
1173 2453 1351 2519 industriae
1376 2464 1444 2514 moab

90 2578 96 2585 ·
198 2558 239 2623 15
285 2558 408 2639 fructu,
433 2557 562 2643 meique
586 2556 772 2643 praesentia
799 2556 959 2639 indicatis,
983 2557 1017 2623 iu
1041 2559 1237 2637 Germanos,
1262 2559 1330 2625 sive
1351 2559 1446 2625 Sauro

286 2671 391 2730 malas
416 2664 533 2751 (verbo
558 2672 613 2730 luo
639 2664 726 2751 utor)
742 2664 872 2730 ultimos
896 2666 1119 2751 commigrare
1135 2667 1353 2733 decreverim.
1369 2662 1448 2730 Multo

285 2791 348 2848 me,
372 2771 490 2848 fateor,
515 2770 677 2837 efficacius
702 2771 953 2855 reprehendisti,
971 2793 1068 2858 quam
1086 2773 1112 2838 si
1136 2781 1243 2840 totum
1266 2770 1451 2858 eloquentiae

285 2885 361 2943 tuae
385 2876 565 2943 flumenin
589 2877 723 2943 satiram
748 2874 927 2943 effudisses.
950 2879 1110 2965 Equidem
1133 2882 1285 2966 gratulor
1308 2883 1393 2946 huno
1414 2872 1456 2944 ubi

286 3005 359 3051 esse
387 2985 532 3051 animum
567 2992 665 3070 atque
700 2985 788 3052 hunc
824 2985 968 3067 zelumss,
993 2992 1030 3053 ul
1063 2994 1154 3053 metu
1191 2988 1296 3073 magis
1331 2985 1460 3053 abundes

198 3091 242 3156 20
287 3114 384 3176 quam
408 3107 522 3157 amore
547 3091 688 3158 delicias.
713 3092 784 3156 Tibi
815 3112 908 3169 vero,
933 3093 1048 3175 amice,
1072 3094 1125 3159 cui
1153 3114 1304 3159 meorum
1327 3092 1464 3160 consilio

286 3219 362 3263 rum
384 3199 466 3263 nihil
482 3199 647 3265 occultum
663 3198 772 3279 velim,
789 3205 895 3264 totum
911 3199 1021 3265 laesae
1038 3200 1156 3267 mentis
1173 3220 1337 3267 arcanum
1352 3201 1466 3287 pando:

287 3325 350 3386 me,
375 3312 410 3371 ut
434 3306 566 3371 ltalicae
582 3305 711 3394 telluris
735 3312 869 3391 aspectu
893 3306 1007 3372 satiari
1033 3327 1171 3393 nequeo,
1189 3307 1245 3390 sic,
1267 3309 1354 3394 quod
1373 3326 1470 3394 nuper

286 3410 470 3478 Simonidi1⁶
492 3419 605 3477 nostro
630 3411 754 3496 scripsi,
780 3411 970 3477 Italicarum
1000 3434 1115 3479 rerum
1139 3435 1258 3500 usque,
1282 3415 1413 3497 hercle,
1437 3413 1473 3479 ad

285 3518 450 3584 fastidium
472 3518 606 3603 plenum
630 3538 711 3595 esse,
736 3525 770 3584 et
793 3538 890 3603 saepe
913 3519 993 3584 mihi
1017 3518 1093 3587 hinc
1116 3521 1150 3585 in
1171 3517 1319 3586 animum
1338 3522 1474 3601 venisse,

196 3624 240 3689 25
285 3645 351 3690 non
375 3624 408 3689 in
429 3624 652 3705 Germaniam,
670 3624 727 3689 sed
747 3624 781 3688 in
803 3625 930 3709 aliquas
947 3626 1058 3691 mundi
1077 3626 1222 3692 latebras
1239 3647 1293 3693 me
1311 3628 1476 3719 conferre,

287 3733 341 3797 ubi
365 3732 479 3817 procul
503 3732 543 3797 ab
567 3733 629 3796 hoc
652 3731 792 3816 strepitu
815 3731 1022 3817 invidiaeque
1060 3733 1261 3815 turbinibus,
1286 3735 1405 3819 quibus
1428 3755 1478 3799 me

286 3860 352 3905 non
376 3847 443 3905 lam
467 3839 578 3923 utique
604 3858 676 3904 mea
699 3858 770 3904 sors
793 3836 900 3924 (quae,
926 3859 979 3903 me
1002 3839 1118 3919 iudice,
1138 3839 1249 3905 nescio
1272 3861 1317 3905 an
1335 3847 1480 3908 contem-

285 3954 386 4031 ptum,
403 3946 460 4011 sed
486 3953 576 4012 certe
595 3946 751 4011 invidiam
775 3966 841 4011 non
859 3945 1028 4033 meretur),
1046 3968 1145 4031 quam
1161 3946 1223 4012 hoo
1247 3948 1479 4033 undecumque

286 4059 417 4137 partum
440 4073 561 4119 nomen
585 4052 743 4138 exposuit,
768 4052 854 4118 hene
878 4052 1019 4134 latitans,
1038 4054 1122 4119 bene
1145 4053 1306 4130 viverem,
1325 4055 1353 4119 si
1370 4056 1480 4121 datum

194 4157 239 4221 30
284 4164 380 4240 esset,
405 4180 444 4225 ac
466 4179 630 4240 morerer,
655 4167 688 4225 et
710 4159 871 4236 fecissem,
889 4158 950 4224 nisi
975 4159 1059 4244 quia,
1077 4178 1142 4244 que
1160 4180 1212 4225 me
1232 4160 1364 4226 animus
1382 4182 1480 4248 urge·

287 4264 351 4346 bat,
375 4265 508 4331 fortuna
544 4265 608 4331 iter
643 4266 867 4331 obstruxerat.
892 4265 950 4330 His
985 4265 1121 4347 omissis,
1146 4265 1188 4332 ad
1224 4266 1257 4331 id
1284 4268 1394 4345 venio,
1418 4288 1479 4353 quo

287 4391 340 4436 me
363 4370 455 4449 adeo,
480 4371 586 4456 prima
610 4372 761 4449 lectione,
790 4392 986 4438 concussum
1006 4371 1082 4438 dixi.
1107 4372 1230 4439 Scribis
1248 4374 1362 4439 nescio
1382 4395 1480 4460 quem

286 4480 427 4544 Petrum
443 4474 651 4544 Senensem¹⁷
663 4477 779 4563 patria,
794 4478 956 4564 religione
974 4478 1093 4563 insigni
1110 4486 1142 4545 et
1157 4479 1327 4547 miraculis
1343 4481 1480 4567 insuper

284 4586 412 4657 clarum
445 4586 565 4673 virum,
597 4606 703 4673 nuper
733 4586 922 4667 obeuntem,
946 4587 1049 4653 multa
1079 4587 1120 4653 de
1152 4587 1262 4653 multis
1286 4588 1375 4655 inter
1398 4609 1480 4675 quos
