3284 5750
515 692 558 742 66
573 692 731 741 6666666
755 693 944 750 66666666
967 693 1131 742 roardum
1401 676 1463 745 131

268 870 354 951 fieri,
378 870 425 938 sic
448 879 498 938 est
521 871 610 938 enim
633 872 817 939 etsic-esse
833 892 936 958 prope
955 873 1085 939 modum
1108 872 1265 939 universa
1288 880 1463 940 testantur.

268 980 395 1065 Rapido
418 980 533 1045 stellae
556 980 691 1047 obviant
713 980 930 1057 firmamento
949 982 1115 1048 contraria
1140 981 1281 1048 invicem
1298 982 1463 1048 elementa

270 1087 461 1174 confligunt,
477 1093 591 1153 terrac
605 1094 763 1170 tremunt,
777 1089 882 1154 maria
898 1086 1067 1170 fluctuant,
1080 1108 1139 1154 aer
1153 1089 1310 1173 quatitur,
1327 1096 1465 1174 crepant

270 1194 437 1276 flammae,
454 1194 578 1261 bellum
594 1195 780 1261 immortale
797 1201 918 1281 gerunt
936 1195 1034 1277 venti,
1050 1196 1254 1280 temporibus
1270 1202 1465 1262 concertant

194 1304 222 1375 5
269 1323 383 1369 secum
405 1301 549 1388 singula,
574 1286 745 1368 nobiscnm
768 1302 892 1384 omnia,
916 1322 977 1368 ver
1006 1303 1186 1384 humidum,
1218 1310 1325 1369 aestas
1355 1303 1465 1387 arida,

271 1409 377 1475 mollis
394 1416 582 1487 autumnus,
596 1409 700 1475 hiems
724 1409 849 1495 bispida
867 1416 900 1476 et
915 1430 1000 1495 quae
1016 1410 1201 1477 vicissitudo
1218 1410 1335 1489 dicitur
1351 1432 1463 1497 pugna

271 1524 329 1583 est.
354 1518 443 1582 Haec
466 1516 535 1601 ipsa
560 1516 662 1602 igitur
685 1516 1464 1602 661116616616116366,661166661666161666166619

272 1629 306 1690 et
328 1622 481 1701 vivimus,
505 1644 590 1710 quae
614 1630 662 1690 tot
684 1624 850 1691 illecebris
874 1624 1099 1701 blandiuntur,
1124 1644 1296 1710 quamque,
1321 1624 1349 1689 si
1365 1625 1464 1690 irasci

272 1729 451 1816 coeperint,
471 1731 536 1797 sint
559 1731 738 1813 horrenda,
755 1731 901 1797 indicant
916 1737 1029 1797 terrae
1049 1737 1155 1797 motus
1172 1738 1205 1797 et
1221 1731 1464 1798 concitatissimi

175 1840 223 1905 10
271 1838 436 1916 turbines,
472 1837 616 1904 indicant
650 1839 826 1924 naufragia
865 1846 962 1924 atque
998 1838 1148 1904 incendia
1183 1859 1240 1905 seu
1277 1838 1368 1905 caelo
1406 1860 1464 1905 seu

272 1947 373 2013 terris
389 1946 580 2013 saevientia.
598 1947 678 2023 Quis
691 1947 831 2013 insultus
849 1946 1027 2032 grandinis,
1045 1967 1210 2032 quaenam
1233 1947 1282 2012 vis
1298 1946 1464 2026 imbrium,

271 2053 326 2139 qui
361 2053 513 2120 fremitus
552 2053 751 2136 tonitruum,
788 2053 843 2139 qui
875 2054 1021 2119 fulminis
1056 2054 1210 2139 impetus,
1235 2074 1320 2139 quae
1356 2054 1465 2119 rabies

272 2160 502 2247 procellarum,
537 2162 592 2246 qui
630 2161 760 2237 fervor,
790 2161 845 2247 qui
869 2163 1014 2247 mugitus
1038 2162 1161 2247 pelagi,
1186 2161 1241 2247 qui
1264 2161 1465 2227 torrentium

271 2269 398 2354 fragor,
415 2268 470 2353 qui
491 2266 663 2333 fluminum
678 2288 851 2350 excursus,
869 2269 924 2354 qui
948 2268 1086 2334 nubium
1109 2288 1227 2334 cursus
1251 2275 1284 2334 et
1307 2289 1465 2335 recursus

176 2377 225 2441 15
274 2382 307 2441 61
342 2374 543 2441 concursus?
578 2376 673 2440 Mare
696 2375 801 2462 ipsum
825 2381 960 2462 praeter
985 2382 1133 2460 apertam
1166 2396 1204 2441 36
1228 2375 1374 2460 rapidam
1399 2376 1465 2440 vim

221 2553 226 2558 ,
276 2487 451 2548 ventorum
475 2489 571 2566 atque
595 2481 721 2547 abditos
744 2480 879 2547 fluct-um
895 2487 1052 2559 tumores,
1070 2481 1205 2571 incertis
1222 2481 1348 2547 vicibus
1365 2482 1466 2547 alter-

272 2593 398 2665 nantes,
415 2593 524 2653 certos
540 2593 741 2673 statutosque
762 2586 870 2653 fluxus
887 2609 925 2653 ac
942 2586 1089 2653 refluxus
1106 2588 1215 2665 habet,
1229 2609 1330 2673 quum
1354 2588 1465 2654 multis

271 2696 307 2760 in
338 2694 416 2761 locis
447 2702 518 2761 tum
553 2695 755 2780 conspectius
785 2695 818 2759 in
843 2715 983 2772 occasu,
998 2715 1084 2780 quae
1119 2713 1174 2760 res
1198 2694 1276 2759 dum
1299 2694 1465 2760 manifesti

273 2807 390 2885 motus,
415 2802 520 2867 latens
543 2822 642 2867 causa
666 2793 851 2888 quaeritur,
869 2823 935 2868 non
960 2803 1121 2869 minorem
1139 2801 1405 2888 philosophorum
1430 2801 1464 2867 16

180 2911 230 2976 20
278 2909 385 2975 6661116
408 2930 506 2995 quam
531 2908 688 2975 fiuctuum
712 2910 780 2996 ipso
806 2911 839 2974 in
864 2909 979 2996 pelago
1009 2909 1100 2975 litem
1125 2909 1234 2975 movit.
1260 2909 1354 2992 Quid,
1379 2910 1463 2995 quod
1520 2914 1525 2922 '

274 3017 400 3083 nullum
424 3016 543 3107 animal
568 3016 662 3082 bellis
686 3016 805 3083 vacat?
831 3017 952 3094 Pisces,
971 3017 1073 3098 ferae,
1095 3017 1257 3097 volucres,
1279 3022 1461 3103 serpentes,

274 3124 433 3205 homines,
458 3145 523 3189 una
546 3122 671 3210 species
694 3123 793 3189 aliam
816 3124 974 3210 exagitat,
992 3124 1072 3189 nulli
1093 3123 1239 3191 omnium
1262 3123 1354 3209 quies
1376 3124 1462 3206 data,
1550 3128 1553 3132 ’

273 3231 324 3295 166
359 3229 482 3315 lupum,
517 3231 614 3316 lupus
648 3251 787 3312 canem,
815 3229 905 3296 canis
940 3231 1088 3315 leporem
1123 3228 1317 3314 insequitur.
1342 3230 1401 3295 Est
1433 3235 1465 3295 et

274 3358 391 3403 canum
417 3337 516 3423 stirps
540 3337 714 3403 audentior
738 3357 803 3403 non
832 3337 916 3422 lupis
948 3337 1042 3402 modo
1066 3336 1234 3418 resistere,
1260 3336 1316 3401 sed
1340 3337 1464 3415 leones,

176 3445 226 3511 25
274 3445 402 3530 pardos,
426 3464 534 3530 apros
560 3465 656 3510 ursos
679 3445 833 3511 insectari
851 3444 944 3510 solita
960 3450 1057 3529 atque
1081 3443 1229 3531 aggredi,
1241 3444 1465 3529 ‘quorumdam

272 3570 355 3617 vero
390 3558 457 3617 tam
494 3571 657 3638 generosa
692 3551 817 3618 ferocia
856 3557 890 3617 et
924 3558 991 3616 tam
1023 3551 1140 3616 nobilis
1163 3551 1271 3617 fertur
1295 3542 1402 3632 elatio,
1423 3556 1464 3618 61

273 3678 368 3723 ursos
392 3657 567 3739 fastidiant,
592 3658 691 3743 inque
727 3659 812 3723 solos
837 3657 1028 3743 elephantes
1063 3664 1118 3723 aut
1146 3659 1259 3724 leones
1287 3657 1465 3744 dignentur

273 3764 416 3830 irruere.
440 3764 585 3850 Vulpina
611 3764 759 3830 fallentia
796 3786 861 3830 una
897 3765 1029 3850 quidem
1064 3785 1105 3829 ox
1129 3764 1240 3829 multis
1268 3763 1376 3829 audita
1406 3770 1465 3841 661,

273 3871 452 3956 piscatores
487 3893 589 3957 quum
627 3872 667 3936 ad
702 3873 821 3937 urbem
856 3872 960 3956 pisces
995 3872 1184 3952 deferrent,
1219 3870 1305 3956 quod
1341 3876 1465 3937 aestate

180 3978 226 4044 30
273 3977 415 4043 libenter
438 3983 536 4044 noctu
570 3977 715 4057 faciunt,
739 3978 914 4063 aliquando
938 3977 1146 4062 vulpeculam
1183 3998 1248 4057 666,
1279 3973 1466 4042 exanimem

273 4083 358 4149 calle
382 4083 488 4149 medio
503 4090 731 4150 transversam
747 4084 908 4161 habuisse,
932 4104 1030 4169 quam
1047 4089 1219 4168 arreptam
1239 4082 1468 4149 decoriaturi²⁰

212 4199 215 4204 '
275 4210 318 4255 ex
341 4191 521 4269 commodo,
545 4212 645 4275 quum
670 4210 770 4275 supra
795 4190 962 4256 sarcinam
985 4189 1201 4275 proiecissent
1223 4189 1327 4272 illam,
1350 4189 1405 4254 ubi
1429 4209 1465 4256 66

275 4296 417 4382 piscibus
453 4295 577 4362 affatim
612 4297 788 4382 implesset,
826 4297 932 4364 subito
966 4296 1169 4382 prosiluisse,
1206 4297 1467 4382 mirantibusque

274 4409 374 4488 atque
397 4402 642 4488 indignantibus
665 4403 739 4482 11116,
764 4402 929 4488 effugisse.
954 4405 1024 4469 lam
1047 4403 1112 4488 qui,
1136 4424 1212 4482 oro,
1239 4403 1295 4469 alii
1319 4402 1467 4490 vulpium

181 4511 227 4576 35
274 4509 348 4587 doli,
375 4509 430 4595 qui
465 4509 616 4596 luporum
652 4509 806 4591 ululatus,
843 4511 927 4595 quod
961 4531 1115 4576 murmur
1150 4510 1190 4576 ad
1226 4508 1346 4592 caulas,
1382 4529 1466 4594 quae

275 4635 456 4683 corvorum
480 4616 723 4702 milvorumque
746 4615 835 4683 circa
853 4617 1081 4683 columbarum
1105 4619 1227 4698 domos,
1245 4637 1284 4682 36
1299 4617 1467 4702 pullorum

273 4723 367 4790 nidos
390 4723 569 4811 vigilantia,
594 4724 679 4810 quod
714 4724 802 4791 inter
826 4745 872 4806 se,
898 4731 933 4790 ut
967 4725 1154 4810 perhibent,
1190 4723 1345 4789 naturale
1368 4729 1467 4807 atque
