3284 5750
199 533 262 603 let
600 606 604 613 ,
642 546 828 601 rmncnsco
863 544 1034 600 rnrmncn

287 728 349 798 hoc
372 730 514 817 primum
538 731 616 797 tibi:
641 738 819 816 praeterea
855 730 1009 796 Poeticae
1045 730 1191 796 studium
1221 723 1371 804 interdioi;
1386 725 1427 791 hoc

287 838 468 905 secundum
492 839 714 923 ultimumque.
740 838 825 903 Hinc
860 836 915 902 illa
943 837 1167 903 consternatio
1202 855 1376 920 maerorque
1395 833 1429 897 ille
1488 846 1490 849 ·

287 952 368 1025 tuus,
392 963 488 1029 quem
511 944 651 1030 legendo
675 964 783 1009 meum
806 943 880 1023 feci,
906 942 1159 1026 meditandoque
1183 940 1319 1027 deposui,
1338 935 1430 1005 etturi

289 1050 366 1115 mihi
390 1070 518 1132 aurem,
554 1052 619 1115 imo
649 1051 676 1114 si
705 1049 772 1130 tibi,
796 1050 822 1114 si
856 1049 976 1115 rationi
1000 1049 1118 1114 insitae
1140 1049 1286 1113 animum
1316 1052 1431 1132 praestat

220 1158 243 1222 5
288 1156 431 1238 abiicies,
455 1165 489 1223 et
522 1156 648 1222 videbis
683 1156 758 1222 inde
793 1164 826 1222 te
850 1156 1002 1237 doluisse,
1026 1155 1115 1222 unde
1140 1155 1246 1242 potius
1273 1156 1312 1223 sit
1331 1151 1433 1240 gaulon

286 1265 374 1330 dum.
400 1265 472 1329 Non
495 1271 637 1330 extenuo
659 1264 805 1331 vaticinii
829 1264 972 1350 pondus;
996 1263 1149 1349 quicquid
1165 1284 1185 1330 a
1204 1263 1329 1329 Christo
1343 1259 1434 1339 dictur,

286 1392 406 1438 verum
429 1378 499 1437 est:
525 1370 598 1437 lieri
621 1371 736 1456 nequit
758 1378 794 1436 ut
815 1371 941 1437 veritas
966 1371 1164 1446 mentiatur;
1189 1377 1223 1437 at
1244 1370 1276 1435 id
1296 1367 1435 1455 quaeritur,

287 1479 439 1545 Christus
463 1497 505 1544 ne
534 1477 583 1543 rei
618 1476 716 1543 huius
751 1484 867 1544 auctor
891 1477 946 1555 sit,
971 1498 1014 1542 an
1037 1477 1123 1543 alter
1147 1477 1305 1563 quispiam
1328 1477 1363 1541 ad
1379 1493 1438 1539 con-

287 1585 388 1651 menti
419 1584 525 1662 fidem,
549 1584 633 1670 quod
654 1603 760 1670 ‚saepe
782 1584 933 1663 vidimus,
959 1584 1084 1650 Christi
1106 1604 1229 1650 nomen
1259 1579 1439 1667 assumpserit.

200 1693 242 1758 10
288 1691 391 1756 Vides
414 1697 449 1756 ut
471 1691 594 1756 Hector
629 1689 818 1756 homericus
842 1696 983 1756 mortem
1006 1689 1206 1756 vaticinetur
1227 1688 1349 1770 Achilli,
1370 1683 1441 1770 virgi·

287 1797 392 1863 lianus
416 1794 572 1864 Orodes²⁰
590 1794 789 1877 Mezentio²¹,
820 1796 1049 1862 ciceronianus
1073 1792 1328 1863 Theramenes*²
1341 1792 1441 1869 Critiae,

286 1901 458 1970 Calanus²³
481 1903 682 1981 Alexandro,
714 1911 748 1970 et
779 1903 867 1989 quod
898 1910 949 1970 est
977 1903 1015 1968 iis
1043 1903 1193 1985 similius,
1218 1922 1300 1988 quae
1331 1908 1470 1984 lepre.

286 2018 387 2092 munt,
413 2010 499 2096 apud
522 2009 760 2077 Posidonium²⁴
782 2011 1011 2097 philosophum
1033 2031 1093 2076 sua
1117 2016 1227 2077 aetate
1250 2007 1441 2083 clarissimum,

285 2117 433 2184 Rhodius
468 2117 601 2203 quidam
646 2118 793 2183 moriens
828 2117 924 2184 brevi
958 2125 1031 2203 post
1064 2137 1100 2182 se
1134 2117 1311 2182 morituros
1338 2133 1389 2179 sex
1414 2129 1442 2175 er

200 2225 242 2292 15
288 2226 517 2311 coaequalibus
547 2225 614 2290 suis
647 2225 804 2306 nominat,
829 2230 872 2306 et,
896 2224 982 2310 quod
1013 2225 1085 2310 plus
1109 2232 1170 2306 est,
1195 2224 1342 2290 ordinem
1362 2215 1444 2286 adiicit

286 2332 458 2399 moriendi.
483 2333 529 2397 De
553 2352 695 2418 quarum
717 2353 832 2398 rerum
856 2332 909 2397 vel
928 2332 1078 2409 veritate,
1098 2332 1153 2398 vel
1174 2352 1276 2398 causa
1298 2322 1444 2415 disputandi

286 2461 352 2505 non
375 2448 424 2506 est
447 2441 548 2507 locus.
573 2440 638 2507 Sed
662 2447 698 2506 ut
720 2441 803 2506 haec
826 2445 860 2506 et
884 2460 967 2525 quae
991 2439 1109 2505 similia
1130 2439 1310 2505 traduntur
1329 2437 1367 2502 ah
1385 2431 1444 2510 aliis,

286 2554 450 2632 postremo
474 2567 556 2632 quae
584 2544 817 2613 terrificator²⁵
841 2547 896 2612 hio
925 2552 1002 2613 tuus
1030 2545 1169 2623 nuntiat,
1198 2565 1282 2611 vera
1304 2543 1372 2619 sint,
1391 2535 1446 2624 quid

285 2659 335 2718 ost
360 2659 479 2735 tamen,
502 2653 589 2738 quod
612 2660 643 2718 te
667 2672 771 2737 usque
800 2651 882 2717 adeo
911 2651 1130 2737 permoveat?
1155 2651 1320 2735 Vulgaria
1346 2654 1375 2714 el
1393 2649 1447 2709 noa

197 2757 241 2824 20
285 2759 533 2836 contemnimus,
547 2759 679 2844 inopina
694 2778 753 2824 nos
768 2758 918 2844 quatiunt
935 2779 974 2824 ac
990 2759 1197 2845 perturbant.
1210 2758 1265 2823 An
1281 2762 1325 2835 tu,
1340 2768 1444 2842 quaeso,

285 2866 446 2933 modicum
472 2866 559 2933 vitae
594 2887 667 2932 esse
701 2865 787 2952 quod
823 2871 981 2951 superest,
1006 2864 1032 2931 si
1067 2865 1129 2932 iste
1164 2864 1222 2931 tihi
1250 2884 1317 2930 non
1340 2861 1447 2931 diceret,

284 2973 489 3059 ignorabant
524 2974 680 3039 Profecto
715 2972 837 3038 fuimus
872 2973 999 3055 umbra,
1036 2972 1210 3053 somnium,
1241 2968 1450 3057 praestigium
1488 3043 1489 3050 ,

284 3079 365 3144 nihil
390 3079 529 3164 denique
566 3078 625 3144 nisi
662 3078 770 3144 luctus
804 3085 839 3145 et
873 3077 997 3145 laboris
1029 3098 1117 3160 area,
1143 3078 1210 3144 vita
1234 3085 1294 3155 est,
1318 3094 1397 3162 quae
1415 3068 1453 3136 hic
1488 3069 1489 3074 ’

286 3185 397 3270 agitur
412 3206 418 3261 ;
443 3184 527 3271 quod
551 3206 652 3250 unum
675 3184 751 3251 honi
767 3186 877 3265 habet,
896 3184 937 3249 ad
953 3185 1050 3250 aliam
1066 3184 1167 3250 vitam
1183 3183 1238 3249 via
1256 3191 1316 3261 est,
1334 3176 1453 3265 alioquin

196 3292 240 3357 25
285 3312 351 3357 non
375 3290 654 3377 contemptibilistt
676 3292 782 3369 mode,
806 3292 862 3358 sed
887 3292 997 3357 odiosa
1021 3311 1157 3377 prorsus
1180 3311 1220 3356 ac
1243 3291 1365 3357 misera
1386 3284 1457 3353 etde

284 3420 348 3485 qua
377 3399 675 3466 consideratissime
699 3399 821 3465 dictum
848 3400 908 3466 sit:
944 3402 1042 3485 loope
1069 3401 1244 3482 optimum
1266 3418 1339 3464 noo
1360 3392 1460 3466 nascit

281 3510 497 3592 promitterem
520 3528 628 3593 quom
647 3510 813 3591 pristiam
837 3509 941 3573 mori.
978 3508 1070 3573 Neve
1105 3514 1256 3591 suspecta
1288 3504 1330 3571 sit
1361 3495 1464 3590 pagani

283 3615 425 3681 hominis
461 3614 606 3701 praecisa
644 3614 812 3691 sententia,
851 3615 1076 3680 hebraeorum
1111 3607 1399 3698 sapientissimus²⁷
1428 3604 1466 3673 illi

283 3713 409 3804 accidit,
433 3721 532 3787 immo
556 3741 637 3787 vero
660 3720 744 3806 quod
768 3728 800 3786 et
823 3719 1024 3800 Ambrosius,
1046 3719 1170 3785 obitum
1194 3718 1311 3783 fratris
1343 3715 1469 3795 dellens,

194 3828 238 3894 30
282 3848 340 3894 suo
365 3848 457 3894 more
480 3828 633 3914 vestigat.
658 3825 759 3893 Cuius
782 3846 846 3912 ego
870 3847 1002 3892 sensum
1025 3825 1083 3892 tihi
1107 3824 1147 3891 de
1171 3824 1349 3890 Ambrosio
1373 3822 1471 3909 potius

282 3955 381 4019 quam
405 3935 579 4001 Salomone
603 3934 844 4019 descripserim,
861 3939 905 4014 nt,
923 3933 1009 3999 dicto
1026 3932 1092 4010 uni,
1111 3931 1234 4016 duplex
1256 3936 1346 3997 esset
1366 3937 1473 3996 aucto

283 4040 373 4106 ritas.
399 4040 451 4106 Sic
486 4061 569 4126 ergo
604 4040 670 4106 ait:
702 4066 720 4101 a
745 4040 817 4106 Non
841 4039 929 4105 nasci
966 4042 1065 4123 longe
1096 4039 1270 4123 optimum,
1299 4037 1475 4104 secundum

284 4146 466 4211 Salomonis
489 4147 697 4224 sententiam,
722 4147 828 4232 ipsum
860 4145 949 4211 enim
971 4145 1070 4212 etiam
1093 4144 1125 4223 ii,
1149 4144 1202 4229 qui
1227 4142 1287 4209 sibi
1312 4142 1375 4208 visi
1404 4147 1476 4207 sunt

285 4252 318 4316 in
343 4252 544 4338 philosophia
580 4254 758 4330 excellere,
795 4253 899 4319 secuti
934 4259 1020 4330 sunt,
1045 4272 1123 4317 nam
1150 4250 1218 4336 ipse
1243 4249 1307 4314 illis
1331 4249 1476 4316 anterior

194 4359 239 4425 35
284 4358 415 4441 nostris,
440 4359 474 4424 in
498 4360 696 4425 Ecclesiaste
718 4361 846 4426 locutus
868 4367 938 4426 est:
963 4360 1005 4425 Et
1029 4358 1160 4425 laudavi
1176 4377 1239 4442 ego
1255 4376 1371 4423 omnes
1395 4376 1478 4422 mor-

283 4473 367 4548 tuos,
391 4465 447 4553 qui
471 4465 537 4531 iam
565 4465 712 4532 defuncti
735 4472 819 4548 sunt,
844 4466 948 4552 magis
972 4486 1069 4551 quam
1093 4465 1255 4542 viventes,
1278 4462 1478 4548 quicumque

283 4574 401 4641 vivunt
425 4592 528 4662 usque
553 4571 680 4651 adhuc;
705 4578 737 4639 et
760 4573 901 4659 optimus
924 4594 1025 4660 supra
1058 4575 1117 4639 hos
1141 4572 1232 4650 duos,
1256 4570 1312 4660 qni
1335 4569 1479 4636 nondum
