<?xml version="1.0" encoding="UTF-8"?>
<!DOCTYPE html PUBLIC "-//W3C//DTD XHTML 1.0 Transitional//EN"
    "http://www.w3.org/TR/xhtml1/DTD/xhtml1-transitional.dtd">
<html xmlns="http://www.w3.org/1999/xhtml" xml:lang="en" lang="en">
 <head>
  <title>
</title>
<meta http-equiv="Content-Type" content="text/html;charset=utf-8" />
  <meta name='ocr-system' content='tesseract 3.04.00' />
  <meta name='ocr-capabilities' content='ocr_page ocr_carea ocr_par ocr_line ocrx_word'/>
</head>
<body>
  <div class='ocr_page' id='page_1' title='image "./operelatineanto00petrgoog_0058.png"; bbox 0 0 3284 5750; ppageno 0'>
   <div class='ocr_carea' id='block_1_1' title="bbox 903 574 1014 652">
    <p class='ocr_par' dir='ltr' id='par_1_1' title="bbox 903 574 1014 652">
     <span class='ocr_line' id='line_1_1' title="bbox 903 574 1014 652; baseline 0 -7"><span class='ocrx_word' id='word_1_1' title='bbox 903 574 1014 652; x_wconf 51' lang='grc' dir='ltr'><strong>’Χ</strong></span> 
     </span>
    </p>
   </div>
   <div class='ocr_carea' id='block_1_2' title="bbox 547 704 1074 795">
    <p class='ocr_par' dir='ltr' id='par_1_2' title="bbox 547 704 1074 795">
     <span class='ocr_line' id='line_1_2' title="bbox 547 704 1074 795; baseline 0.002 -23"><span class='ocrx_word' id='word_1_2' title='bbox 547 724 733 774; x_wconf 80' lang='grc'><strong>1100110111</strong></span> <span class='ocrx_word' id='word_1_3' title='bbox 757 725 892 772; x_wconf 78' lang='lat' dir='ltr'><strong>cannas</strong></span> <span class='ocrx_word' id='word_1_4' title='bbox 915 704 1074 795; x_wconf 74' lang='lat' dir='ltr'><strong>(neceam)</strong></span> 
     </span>
    </p>
   </div>
   <div class='ocr_carea' id='block_1_3' title="bbox 257 903 1182 1103">
    <p class='ocr_par' dir='ltr' id='par_1_3' title="bbox 257 903 1182 1103">
     <span class='ocr_line' id='line_1_3' title="bbox 702 903 926 968; baseline 0.009 -2"><span class='ocrx_word' id='word_1_5' title='bbox 702 903 926 968; x_wconf 73' lang='lat' dir='ltr'><strong>luseramus,</strong></span> 
     </span>
     <span class='ocr_line' id='line_1_4' title="bbox 257 1027 1182 1103; baseline 0.001 -10"><span class='ocrx_word' id='word_1_6' title='bbox 257 1028 330 1103; x_wconf 91' lang='lat' dir='ltr'><strong>Quo</strong></span> <span class='ocrx_word' id='word_1_7' title='bbox 353 1047 448 1094; x_wconf 89' lang='lat' dir='ltr'><strong>mare</strong></span> <span class='ocrx_word' id='word_1_8' title='bbox 470 1032 539 1093; x_wconf 89' lang='lat' dir='ltr'><strong>tam</strong></span> <span class='ocrx_word' id='word_1_9' title='bbox 562 1027 648 1095; x_wconf 88' lang='lat' dir='ltr'><strong>facili</strong></span> <span class='ocrx_word' id='word_1_10' title='bbox 672 1027 826 1095; x_wconf 77' lang='lat' dir='ltr'><strong>transivit</strong></span> <span class='ocrx_word' id='word_1_11' title='bbox 850 1033 883 1094; x_wconf 93' lang='lat' dir='ltr'><strong>et</strong></span> <span class='ocrx_word' id='word_1_12' title='bbox 907 1029 1044 1095; x_wconf 88' lang='lat' dir='ltr'><strong>aethera</strong></span> <span class='ocrx_word' id='word_1_13' title='bbox 1070 1028 1182 1095; x_wconf 66' lang='lat' dir='ltr'><strong>saltu?</strong></span> 
     </span>
    </p>
   </div>
   <div class='ocr_carea' id='block_1_4' title="bbox 708 1173 914 1236">
    <p class='ocr_par' dir='ltr' id='par_1_4' title="bbox 708 1173 914 1236">
     <span class='ocr_line' id='line_1_5' title="bbox 708 1173 914 1236; baseline 0.005 -2"><span class='ocrx_word' id='word_1_14' title='bbox 708 1173 914 1236; x_wconf 81' lang='lat' dir='ltr'><strong>Pumoesus</strong></span> 
     </span>
    </p>
   </div>
   <div class='ocr_carea' id='block_1_5' title="bbox 179 1292 1357 3199">
    <p class='ocr_par' dir='ltr' id='par_1_5' title="bbox 179 1292 1357 3199">
     <span class='ocr_line' id='line_1_6' title="bbox 257 1292 1357 1381; baseline 0.001 -23"><span class='ocrx_word' id='word_1_15' title='bbox 257 1296 349 1375; x_wconf 88' lang='lat' dir='ltr'><strong>Illuc,</strong></span> <span class='ocrx_word' id='word_1_16' title='bbox 373 1294 450 1375; x_wconf 86' lang='lat' dir='ltr'><strong>heu,</strong></span> <span class='ocrx_word' id='word_1_17' title='bbox 475 1293 582 1379; x_wconf 91' lang='lat' dir='ltr'><strong>cupidi</strong></span> <span class='ocrx_word' id='word_1_18' title='bbox 604 1292 762 1381; x_wconf 89' lang='lat' dir='ltr'><strong>(stimulat</strong></span> <span class='ocrx_word' id='word_1_19' title='bbox 785 1316 846 1360; x_wconf 91' lang='lat' dir='ltr'><strong>sua</strong></span> <span class='ocrx_word' id='word_1_20' title='bbox 869 1314 1033 1380; x_wconf 90' lang='lat' dir='ltr'><strong>quemque</strong></span> <span class='ocrx_word' id='word_1_21' title='bbox 1050 1292 1182 1381; x_wconf 85' lang='lat' dir='ltr'><strong>libidol)</strong></span> <span class='ocrx_word' id='word_1_22' title='bbox 1353 1366 1357 1376; x_wconf 30' lang='lat'><em>¹</em></span> 
     </span>
     <span class='ocr_line' id='line_1_7' title="bbox 182 1384 1285 1487; baseline -0.003 -20"><span class='ocrx_word' id='word_1_23' title='bbox 182 1402 230 1467; x_wconf 89' lang='lat'><strong>65</strong></span> <span class='ocrx_word' id='word_1_24' title='bbox 254 1400 414 1466; x_wconf 90' lang='lat' dir='ltr'><strong>Pervenit</strong></span> <span class='ocrx_word' id='word_1_25' title='bbox 437 1420 513 1485; x_wconf 89' lang='lat' dir='ltr'><strong>pars</strong></span> <span class='ocrx_word' id='word_1_26' title='bbox 537 1421 603 1466; x_wconf 89' lang='lat' dir='ltr'><strong>una</strong></span> <span class='ocrx_word' id='word_1_27' title='bbox 626 1401 749 1487; x_wconf 70' lang='lat' dir='ltr'><strong>gregis</strong></span> <span class='ocrx_word' id='word_1_28' title='bbox 774 1421 935 1487; x_wconf 82' lang='lat' dir='ltr'><strong>sucosque</strong></span> <span class='ocrx_word' id='word_1_29' title='bbox 961 1401 1081 1467; x_wconf 91' lang='lat' dir='ltr'><strong>veneni</strong></span> <span class='ocrx_word' id='word_1_30' title='bbox 1283 1384 1285 1388; x_wconf 36' lang='lat'>¹</span> 
     </span>
     <span class='ocr_line' id='line_1_8' title="bbox 255 1506 1136 1592; baseline 0 -21"><span class='ocrx_word' id='word_1_31' title='bbox 255 1508 298 1572; x_wconf 87' lang='lat' dir='ltr'><strong>Et</strong></span> <span class='ocrx_word' id='word_1_32' title='bbox 320 1506 407 1572; x_wconf 91' lang='lat' dir='ltr'><strong>diras</strong></span> <span class='ocrx_word' id='word_1_33' title='bbox 431 1506 575 1591; x_wconf 80' lang='lat' dir='ltr'>gustavit</span> <span class='ocrx_word' id='word_1_34' title='bbox 598 1527 713 1591; x_wconf 91' lang='lat' dir='ltr'><strong>aquas:</strong></span> <span class='ocrx_word' id='word_1_35' title='bbox 739 1514 839 1592; x_wconf 91' lang='lat' dir='ltr'><strong>atque</strong></span> <span class='ocrx_word' id='word_1_36' title='bbox 862 1506 938 1573; x_wconf 92' lang='lat' dir='ltr'><strong>inde</strong></span> <span class='ocrx_word' id='word_1_37' title='bbox 962 1515 1136 1573; x_wconf 89' lang='lat' dir='ltr'><strong>revertens</strong></span> 
     </span>
     <span class='ocr_line' id='line_1_9' title="bbox 254 1612 1029 1700; baseline -0.003 -21"><span class='ocrx_word' id='word_1_38' title='bbox 254 1615 333 1679; x_wconf 82' lang='lat' dir='ltr'><strong>Mox</strong></span> <span class='ocrx_word' id='word_1_39' title='bbox 356 1612 505 1698; x_wconf 91' lang='lat' dir='ltr'><strong>peritura</strong></span> <span class='ocrx_word' id='word_1_40' title='bbox 529 1615 648 1679; x_wconf 81' lang='lat' dir='ltr'><strong>cohors</strong></span> <span class='ocrx_word' id='word_1_41' title='bbox 672 1613 737 1679; x_wconf 91' lang='lat' dir='ltr'><strong>late</strong></span> <span class='ocrx_word' id='word_1_42' title='bbox 761 1614 914 1700; x_wconf 85' lang='lat' dir='ltr'><strong>contagia</strong></span> <span class='ocrx_word' id='word_1_43' title='bbox 936 1613 1029 1679; x_wconf 79' lang='lat' dir='ltr'><strong>fudit.</strong></span> 
     </span>
     <span class='ocr_line' id='line_1_10' title="bbox 253 1720 1157 1808; baseline 0 -23"><span class='ocrx_word' id='word_1_44' title='bbox 253 1723 426 1786; x_wconf 81' lang='lat' dir='ltr'><strong>Pastorem</strong></span> <span class='ocrx_word' id='word_1_45' title='bbox 449 1727 571 1806; x_wconf 89' lang='lat' dir='ltr'><strong>pastor,</strong></span> <span class='ocrx_word' id='word_1_46' title='bbox 596 1721 755 1806; x_wconf 82' lang='lat' dir='ltr'>pecudem</span> <span class='ocrx_word' id='word_1_47' title='bbox 778 1741 879 1806; x_wconf 90' lang='lat' dir='ltr'><strong>pecus</strong></span> <span class='ocrx_word' id='word_1_48' title='bbox 902 1720 1005 1808; x_wconf 86' lang='lat' dir='ltr'><strong>inficit</strong></span> <span class='ocrx_word' id='word_1_49' title='bbox 1031 1740 1157 1807; x_wconf 86' lang='lat' dir='ltr'><strong>aegra:</strong></span> 
     </span>
     <span class='ocr_line' id='line_1_11' title="bbox 253 1826 1124 1915; baseline -0.003 -20"><span class='ocrx_word' id='word_1_50' title='bbox 253 1827 364 1912; x_wconf 88' lang='lat' dir='ltr'><strong>Spirat</strong></span> <span class='ocrx_word' id='word_1_51' title='bbox 386 1826 474 1893; x_wconf 93' lang='lat' dir='ltr'><strong>enim</strong></span> <span class='ocrx_word' id='word_1_52' title='bbox 497 1827 623 1894; x_wconf 89' lang='lat' dir='ltr'><strong>saniem</strong></span> <span class='ocrx_word' id='word_1_53' title='bbox 646 1828 808 1894; x_wconf 86' lang='lat' dir='ltr'><strong>inclusam</strong></span> <span class='ocrx_word' id='word_1_54' title='bbox 831 1830 995 1915; x_wconf 85' lang='lat' dir='ltr'><strong>pulmonis</strong></span> <span class='ocrx_word' id='word_1_55' title='bbox 1017 1828 1124 1895; x_wconf 92' lang='lat' dir='ltr'><strong>adusti</strong></span> 
     </span>
     <span class='ocr_line' id='line_1_12' title="bbox 182 1935 985 2021; baseline -0.002 -19"><span class='ocrx_word' id='word_1_56' title='bbox 182 1937 228 2003; x_wconf 89' lang='lat'><strong>70</strong></span> <span class='ocrx_word' id='word_1_57' title='bbox 253 1935 370 2017; x_wconf 73' lang='lat' dir='ltr'><strong>Aldus,</strong></span> <span class='ocrx_word' id='word_1_58' title='bbox 394 1935 544 2002; x_wconf 84' lang='lat' dir='ltr'><strong>infaustis</strong></span> <span class='ocrx_word' id='word_1_59' title='bbox 566 1935 715 2021; x_wconf 90' lang='lat' dir='ltr'><strong>aspirant</strong></span> <span class='ocrx_word' id='word_1_60' title='bbox 737 1935 869 2003; x_wconf 88' lang='lat' dir='ltr'><strong>flatibus</strong></span> <span class='ocrx_word' id='word_1_61' title='bbox 892 1935 985 2001; x_wconf 84' lang='lat' dir='ltr'><strong>Euri.</strong></span> 
     </span>
     <span class='ocr_line' id='line_1_13' title="bbox 253 2041 1083 2128; baseline 0 -21"><span class='ocrx_word' id='word_1_62' title='bbox 253 2044 427 2109; x_wconf 88' lang='lat' dir='ltr'><strong>intereunt</strong></span> <span class='ocrx_word' id='word_1_63' title='bbox 448 2041 604 2124; x_wconf 88' lang='lat' dir='ltr'><strong>iumenta,</strong></span> <span class='ocrx_word' id='word_1_64' title='bbox 628 2044 739 2119; x_wconf 76' lang='lat' dir='ltr'><strong>boves</strong></span> <span class='ocrx_word' id='word_1_65' title='bbox 765 2043 906 2128; x_wconf 92' lang='lat' dir='ltr'><strong>durique</strong></span> <span class='ocrx_word' id='word_1_66' title='bbox 929 2043 1083 2124; x_wconf 89' lang='lat' dir='ltr'><strong>bubulci;</strong></span> 
     </span>
     <span class='ocr_line' id='line_1_14' title="bbox 255 2148 1200 2236; baseline -0.002 -20"><span class='ocrx_word' id='word_1_67' title='bbox 255 2148 480 2234; x_wconf 89' lang='lat' dir='ltr'><strong>Graminaque</strong></span> <span class='ocrx_word' id='word_1_68' title='bbox 503 2154 537 2215; x_wconf 93' lang='lat' dir='ltr'><strong>et</strong></span> <span class='ocrx_word' id='word_1_69' title='bbox 559 2155 689 2236; x_wconf 84' lang='lat' dir='ltr'><strong>segetes</strong></span> <span class='ocrx_word' id='word_1_70' title='bbox 713 2150 827 2216; x_wconf 90' lang='lat' dir='ltr'><strong>vacuis</strong></span> <span class='ocrx_word' id='word_1_71' title='bbox 851 2149 1067 2215; x_wconf 89' lang='lat' dir='ltr'><strong>moribundus</strong></span> <span class='ocrx_word' id='word_1_72' title='bbox 1091 2149 1200 2215; x_wconf 88' lang='lat' dir='ltr'><strong>aristis</strong></span> 
     </span>
     <span class='ocr_line' id='line_1_15' title="bbox 255 2255 1147 2342; baseline 0.001 -22"><span class='ocrx_word' id='word_1_73' title='bbox 255 2255 416 2336; x_wconf 85' lang='lat' dir='ltr'><strong>Imminet,</strong></span> <span class='ocrx_word' id='word_1_74' title='bbox 441 2260 474 2321; x_wconf 94' lang='lat' dir='ltr'><strong>et</strong></span> <span class='ocrx_word' id='word_1_75' title='bbox 497 2255 643 2321; x_wconf 91' lang='lat' dir='ltr'><strong>culmum</strong></span> <span class='ocrx_word' id='word_1_76' title='bbox 666 2255 831 2342; x_wconf 74' lang='lat' dir='ltr'><strong>componit</strong></span> <span class='ocrx_word' id='word_1_77' title='bbox 855 2276 981 2323; x_wconf 79' lang='lat' dir='ltr'><strong>messor</strong></span> <span class='ocrx_word' id='word_1_78' title='bbox 1006 2255 1147 2322; x_wconf 87' lang='lat' dir='ltr'><strong>inanem.</strong></span> 
     </span>
     <span class='ocr_line' id='line_1_16' title="bbox 253 2361 1115 2430; baseline -0.001 -3"><span class='ocrx_word' id='word_1_79' title='bbox 253 2363 323 2429; x_wconf 91' lang='lat' dir='ltr'><strong>Nec</strong></span> <span class='ocrx_word' id='word_1_80' title='bbox 345 2361 452 2428; x_wconf 92' lang='lat' dir='ltr'><strong>morbi</strong></span> <span class='ocrx_word' id='word_1_81' title='bbox 475 2362 591 2428; x_wconf 90' lang='lat' dir='ltr'><strong>modus</strong></span> <span class='ocrx_word' id='word_1_82' title='bbox 615 2363 701 2428; x_wconf 91' lang='lat' dir='ltr'><strong>ullus</strong></span> <span class='ocrx_word' id='word_1_83' title='bbox 724 2364 836 2429; x_wconf 88' lang='lat' dir='ltr'><strong>adest:</strong></span> <span class='ocrx_word' id='word_1_84' title='bbox 863 2362 1031 2429; x_wconf 92' lang='lat' dir='ltr'><strong>velocibus</strong></span> <span class='ocrx_word' id='word_1_85' title='bbox 1055 2363 1115 2430; x_wconf 87' lang='lat' dir='ltr'><strong>alis</strong></span> 
     </span>
     <span class='ocr_line' id='line_1_17' title="bbox 185 2454 1227 2556; baseline 0.001 -22"><span class='ocrx_word' id='word_1_86' title='bbox 185 2470 231 2534; x_wconf 82' lang='lat'><strong>75</strong></span> <span class='ocrx_word' id='word_1_87' title='bbox 254 2471 346 2535; x_wconf 93' lang='lat' dir='ltr'><strong>Mors</strong></span> <span class='ocrx_word' id='word_1_88' title='bbox 369 2469 479 2534; x_wconf 90' lang='lat' dir='ltr'><strong>volat:</strong></span> <span class='ocrx_word' id='word_1_89' title='bbox 495 2474 663 2535; x_wconf 83' lang='lat' dir='ltr'><strong>externos</strong></span> <span class='ocrx_word' id='word_1_90' title='bbox 686 2470 812 2535; x_wconf 90' lang='lat' dir='ltr'><strong>frustra</strong></span> <span class='ocrx_word' id='word_1_91' title='bbox 838 2454 1068 2556; x_wconf 84' lang='lat' dir='ltr'><strong>glomeramus</strong></span> <span class='ocrx_word' id='word_1_92' title='bbox 1088 2470 1227 2544; x_wconf 91' lang='lat' dir='ltr'><strong>odores;</strong></span> 
     </span>
     <span class='ocr_line' id='line_1_18' title="bbox 255 2575 1224 2660; baseline 0 -19"><span class='ocrx_word' id='word_1_93' title='bbox 255 2575 313 2641; x_wconf 87' lang='lat' dir='ltr'><strong>His</strong></span> <span class='ocrx_word' id='word_1_94' title='bbox 337 2576 437 2643; x_wconf 86' lang='lat' dir='ltr'><strong>etiam</strong></span> <span class='ocrx_word' id='word_1_95' title='bbox 460 2596 520 2641; x_wconf 90' lang='lat' dir='ltr'><strong>sua</strong></span> <span class='ocrx_word' id='word_1_96' title='bbox 543 2575 641 2660; x_wconf 93' lang='lat' dir='ltr'><strong>pestis</strong></span> <span class='ocrx_word' id='word_1_97' title='bbox 664 2576 759 2643; x_wconf 87' lang='lat' dir='ltr'><strong>inest.</strong></span> <span class='ocrx_word' id='word_1_98' title='bbox 784 2576 869 2653; x_wconf 88' lang='lat' dir='ltr'><strong>Quid</strong></span> <span class='ocrx_word' id='word_1_99' title='bbox 894 2576 1076 2643; x_wconf 66' lang='lat' dir='ltr'><strong>demoror?</strong></span> <span class='ocrx_word' id='word_1_100' title='bbox 1101 2578 1224 2643; x_wconf 89' lang='lat' dir='ltr'><strong>Omnes</strong></span> 
     </span>
     <span class='ocr_line' id='line_1_19' title="bbox 255 2681 1118 2768; baseline -0.002 -18"><span class='ocrx_word' id='word_1_101' title='bbox 255 2682 451 2759; x_wconf 90' lang='lat' dir='ltr'><strong>Occidimus,</strong></span> <span class='ocrx_word' id='word_1_102' title='bbox 475 2681 537 2747; x_wconf 90' lang='lat' dir='ltr'><strong>nisi</strong></span> <span class='ocrx_word' id='word_1_103' title='bbox 561 2683 629 2748; x_wconf 90' lang='lat' dir='ltr'><strong>fata</strong></span> <span class='ocrx_word' id='word_1_104' title='bbox 654 2683 758 2748; x_wconf 90' lang='lat' dir='ltr'><strong>minas</strong></span> <span class='ocrx_word' id='word_1_105' title='bbox 783 2683 912 2768; x_wconf 88' lang='lat' dir='ltr'><strong>placata</strong></span> <span class='ocrx_word' id='word_1_106' title='bbox 937 2683 1118 2749; x_wconf 92' lang='lat' dir='ltr'><strong>remittunt.</strong></span> 
     </span>
     <span class='ocr_line' id='line_1_20' title="bbox 251 2787 1326 2874; baseline 0.004 -20"><span class='ocrx_word' id='word_1_107' title='bbox 251 2792 458 2874; x_wconf 88' lang='lat' dir='ltr'><strong>Quamquam</strong></span> <span class='ocrx_word' id='word_1_108' title='bbox 480 2787 557 2874; x_wconf 93' lang='lat' dir='ltr'><strong>quid</strong></span> <span class='ocrx_word' id='word_1_109' title='bbox 582 2789 699 2874; x_wconf 92' lang='lat' dir='ltr'><strong>reliqui</strong></span> <span class='ocrx_word' id='word_1_110' title='bbox 724 2796 774 2855; x_wconf 89' lang='lat' dir='ltr'><strong>est</strong></span> <span class='ocrx_word' id='word_1_111' title='bbox 797 2789 926 2855; x_wconf 90' lang='lat' dir='ltr'><strong>miseris</strong></span> <span class='ocrx_word' id='word_1_112' title='bbox 941 2789 954 2853; x_wconf 81' lang='grc'><strong>1</strong></span> <span class='ocrx_word' id='word_1_113' title='bbox 968 2792 1048 2855; x_wconf 55' lang='lat' dir='ltr'><strong>&lt;lam</strong></span> <span class='ocrx_word' id='word_1_114' title='bbox 1070 2790 1155 2856; x_wconf 89' lang='lat' dir='ltr'><strong>falce</strong></span> <span class='ocrx_word' id='word_1_115' title='bbox 1180 2809 1326 2858; x_wconf 86' lang='lat' dir='ltr'><strong>recurva</strong></span> 
     </span>
     <span class='ocr_line' id='line_1_21' title="bbox 251 2896 1205 2983; baseline 0 -20"><span class='ocrx_word' id='word_1_116' title='bbox 251 2897 370 2963; x_wconf 90' lang='lat' dir='ltr'><strong>Ultima</strong></span> <span class='ocrx_word' id='word_1_117' title='bbox 396 2917 477 2961; x_wconf 91' lang='lat' dir='ltr'><strong>rura</strong></span> <span class='ocrx_word' id='word_1_118' title='bbox 500 2903 638 2978; x_wconf 88' lang='lat' dir='ltr'><strong>metunt,</strong></span> <span class='ocrx_word' id='word_1_119' title='bbox 662 2898 757 2983; x_wconf 84' lang='lat' dir='ltr'><strong>graia</strong></span> <span class='ocrx_word' id='word_1_120' title='bbox 780 2919 845 2982; x_wconf 93' lang='lat' dir='ltr'><strong>qua</strong></span> <span class='ocrx_word' id='word_1_121' title='bbox 869 2905 984 2963; x_wconf 89' lang='lat' dir='ltr'><strong>vectus</strong></span> <span class='ocrx_word' id='word_1_122' title='bbox 1008 2898 1049 2963; x_wconf 94' lang='lat' dir='ltr'><strong>ab</strong></span> <span class='ocrx_word' id='word_1_123' title='bbox 1073 2918 1133 2963; x_wconf 90' lang='lat' dir='ltr'><strong>ora</strong></span> <span class='ocrx_word' id='word_1_124' title='bbox 1143 2896 1173 2976; x_wconf 85' lang='lat'><strong>¹⁰,</strong></span> <span class='ocrx_word' id='word_1_125' title='bbox 1201 2966 1205 2974; x_wconf 73' lang='grc'><strong>,</strong></span> 
     </span>
     <span class='ocr_line' id='line_1_22' title="bbox 179 3003 1129 3090; baseline -0.002 -20"><span class='ocrx_word' id='word_1_126' title='bbox 179 3005 225 3070; x_wconf 90' lang='grc'><strong>80</strong></span> <span class='ocrx_word' id='word_1_127' title='bbox 250 3005 504 3089; x_wconf 90' lang='lat' dir='ltr'><strong>Marmoreoque</strong></span> <span class='ocrx_word' id='word_1_128' title='bbox 529 3023 650 3069; x_wconf 91' lang='lat' dir='ltr'><strong>novam</strong></span> <span class='ocrx_word' id='word_1_129' title='bbox 674 3003 850 3090; x_wconf 85' lang='lat' dir='ltr'><strong>designans</strong></span> <span class='ocrx_word' id='word_1_130' title='bbox 876 3003 977 3070; x_wconf 93' lang='lat' dir='ltr'><strong>limite</strong></span> <span class='ocrx_word' id='word_1_131' title='bbox 1002 3004 1129 3086; x_wconf 87' lang='lat' dir='ltr'><strong>silvam,</strong></span> 
     </span>
     <span class='ocr_line' id='line_1_23' title="bbox 250 3109 1234 3199; baseline 0.001 -24"><span class='ocrx_word' id='word_1_132' title='bbox 250 3110 365 3177; x_wconf 84' lang='lat' dir='ltr'><strong>Inclita</strong></span> <span class='ocrx_word' id='word_1_133' title='bbox 388 3110 582 3196; x_wconf 82' lang='lat' dir='ltr'><strong>magnificus</strong></span> <span class='ocrx_word' id='word_1_134' title='bbox 606 3110 713 3196; x_wconf 84' lang='lat' dir='ltr'><strong>posuit</strong></span> <span class='ocrx_word' id='word_1_135' title='bbox 740 3109 882 3177; x_wconf 90' lang='lat' dir='ltr'><strong>confinia</strong></span> <span class='ocrx_word' id='word_1_136' title='bbox 906 3116 1017 3196; x_wconf 89' lang='lat' dir='ltr'><strong>pastor</strong></span> <span class='ocrx_word' id='word_1_137' title='bbox 1025 3109 1046 3144; x_wconf 82' lang='lat'><strong>¹¹</strong></span> <span class='ocrx_word' id='word_1_138' title='bbox 1064 3109 1129 3198; x_wconf 88' lang='lat' dir='ltr'><strong>(vv.</strong></span> <span class='ocrx_word' id='word_1_139' title='bbox 1149 3111 1234 3199; x_wconf 88' lang='grc'><strong>101).</strong></span> 
     </span>
    </p>
   </div>
   <div class='ocr_carea' id='block_1_6' title="bbox 175 3305 1445 3846">
    <p class='ocr_par' dir='ltr' id='par_1_6' title="bbox 175 3305 1445 3846">
     <span class='ocr_line' id='line_1_24' title="bbox 175 3305 1445 3375; baseline 0 -13"><span class='ocrx_word' id='word_1_140' title='bbox 175 3310 207 3362; x_wconf 73' lang='lat'><strong>0²</strong></span> <span class='ocrx_word' id='word_1_141' title='bbox 226 3305 350 3361; x_wconf 87' lang='lat' dir='ltr'><strong>Silvano</strong></span> <span class='ocrx_word' id='word_1_142' title='bbox 363 3307 524 3374; x_wconf 88' lang='lat' dir='ltr'><strong>(Petrarca)</strong></span> <span class='ocrx_word' id='word_1_143' title='bbox 543 3305 677 3361; x_wconf 90' lang='lat' dir='ltr'><strong>lamenta</strong></span> <span class='ocrx_word' id='word_1_144' title='bbox 697 3307 725 3361; x_wconf 93' lang='lat' dir='ltr'><strong>la</strong></span> <span class='ocrx_word' id='word_1_145' title='bbox 745 3312 842 3361; x_wconf 90' lang='lat' dir='ltr'><strong>morte</strong></span> <span class='ocrx_word' id='word_1_146' title='bbox 855 3305 904 3361; x_wconf 92' lang='lat' dir='ltr'><strong>del</strong></span> <span class='ocrx_word' id='word_1_147' title='bbox 917 3306 1015 3375; x_wconf 87' lang='lat' dir='ltr'><strong>lauro,</strong></span> <span class='ocrx_word' id='word_1_148' title='bbox 1030 3305 1157 3361; x_wconf 93' lang='lat' dir='ltr'><strong>simbolo</strong></span> <span class='ocrx_word' id='word_1_149' title='bbox 1171 3321 1188 3361; x_wconf 92' lang='lat' dir='ltr'><strong>e</strong></span> <span class='ocrx_word' id='word_1_150' title='bbox 1201 3306 1280 3361; x_wconf 91' lang='lat' dir='ltr'><strong>della</strong></span> <span class='ocrx_word' id='word_1_151' title='bbox 1294 3321 1349 3362; x_wconf 90' lang='lat' dir='ltr'><strong>sua</strong></span> <span class='ocrx_word' id='word_1_152' title='bbox 1365 3306 1445 3362; x_wconf 85' lang='lat' dir='ltr'><strong>fama</strong></span> 
     </span>
     <span class='ocr_line' id='line_1_25' title="bbox 266 3387 1445 3457; baseline 0.002 -15"><span class='ocrx_word' id='word_1_153' title='bbox 266 3387 381 3457; x_wconf 90' lang='lat' dir='ltr'><strong>poetica</strong></span> <span class='ocrx_word' id='word_1_154' title='bbox 393 3402 409 3442; x_wconf 91' lang='lat' dir='ltr'><strong>e</strong></span> <span class='ocrx_word' id='word_1_155' title='bbox 423 3387 453 3443; x_wconf 91' lang='lat' dir='ltr'><strong>di</strong></span> <span class='ocrx_word' id='word_1_156' title='bbox 467 3387 617 3442; x_wconf 89' lang='lat' dir='ltr'><strong>madonna</strong></span> <span class='ocrx_word' id='word_1_157' title='bbox 631 3389 738 3442; x_wconf 86' lang='lat' dir='ltr'><strong>Laura.</strong></span> <span class='ocrx_word' id='word_1_158' title='bbox 754 3387 883 3443; x_wconf 85' lang='lat' dir='ltr'><strong>L&#39;amico</strong></span> <span class='ocrx_word' id='word_1_159' title='bbox 898 3389 1018 3443; x_wconf 87' lang='lat' dir='ltr'><strong>Socrate</strong></span> <span class='ocrx_word' id='word_1_160' title='bbox 1036 3387 1135 3456; x_wconf 87' lang='lat' dir='ltr'><strong>(Luigi</strong></span> <span class='ocrx_word' id='word_1_161' title='bbox 1155 3387 1192 3443; x_wconf 92' lang='lat' dir='ltr'><strong>da</strong></span> <span class='ocrx_word' id='word_1_162' title='bbox 1211 3388 1379 3457; x_wconf 84' lang='lat' dir='ltr'><strong>campinia)</strong></span> <span class='ocrx_word' id='word_1_163' title='bbox 1402 3389 1445 3457; x_wconf 83' lang='lat' dir='ltr'><strong>gli</strong></span> 
     </span>
     <span class='ocr_line' id='line_1_26' title="bbox 267 3466 1443 3537; baseline 0.003 -15"><span class='ocrx_word' id='word_1_164' title='bbox 267 3466 416 3522; x_wconf 89' lang='lat' dir='ltr'><strong>domanda</strong></span> <span class='ocrx_word' id='word_1_165' title='bbox 430 3467 458 3522; x_wconf 90' lang='lat' dir='ltr'><strong>la</strong></span> <span class='ocrx_word' id='word_1_166' title='bbox 471 3467 596 3535; x_wconf 83' lang='lat' dir='ltr'><strong>ragione</strong></span> <span class='ocrx_word' id='word_1_167' title='bbox 610 3467 658 3522; x_wconf 90' lang='lat' dir='ltr'><strong>dei</strong></span> <span class='ocrx_word' id='word_1_168' title='bbox 670 3468 737 3523; x_wconf 88' lang='lat' dir='ltr'><strong>suoi</strong></span> <span class='ocrx_word' id='word_1_169' title='bbox 751 3468 889 3536; x_wconf 87' lang='lat' dir='ltr'><strong>lamenti,</strong></span> <span class='ocrx_word' id='word_1_170' title='bbox 903 3467 940 3523; x_wconf 91' lang='lat' dir='ltr'><strong>ed</strong></span> <span class='ocrx_word' id='word_1_171' title='bbox 953 3468 975 3522; x_wconf 89' lang='grc'><strong>11</strong></span> <span class='ocrx_word' id='word_1_172' title='bbox 990 3469 1128 3523; x_wconf 89' lang='lat' dir='ltr'><strong>Petrarea</strong></span> <span class='ocrx_word' id='word_1_173' title='bbox 1147 3482 1237 3523; x_wconf 91' lang='lat' dir='ltr'><strong>narra</strong></span> <span class='ocrx_word' id='word_1_174' title='bbox 1257 3468 1299 3537; x_wconf 79' lang='lat' dir='ltr'><strong>gli</strong></span> <span class='ocrx_word' id='word_1_175' title='bbox 1318 3468 1400 3524; x_wconf 90' lang='lat' dir='ltr'><strong>studi</strong></span> <span class='ocrx_word' id='word_1_176' title='bbox 1413 3470 1443 3525; x_wconf 91' lang='lat' dir='ltr'><strong>di</strong></span> 
     </span>
     <span class='ocr_line' id='line_1_27' title="bbox 266 3547 1444 3618; baseline 0.002 -16"><span class='ocrx_word' id='word_1_177' title='bbox 266 3547 427 3602; x_wconf 89' lang='lat' dir='ltr'><strong>Valchiusa</strong></span> <span class='ocrx_word' id='word_1_178' title='bbox 440 3562 457 3602; x_wconf 92' lang='lat' dir='ltr'><strong>e</strong></span> <span class='ocrx_word' id='word_1_179' title='bbox 470 3547 586 3602; x_wconf 90' lang='lat' dir='ltr'><strong>ricorda</strong></span> <span class='ocrx_word' id='word_1_180' title='bbox 599 3548 609 3603; x_wconf 93' lang='lat' dir='ltr'><strong>i</strong></span> <span class='ocrx_word' id='word_1_181' title='bbox 623 3548 703 3618; x_wconf 88' lang='lat' dir='ltr'><strong>poeti</strong></span> <span class='ocrx_word' id='word_1_182' title='bbox 716 3547 804 3603; x_wconf 90' lang='lat' dir='ltr'><strong>latini</strong></span> <span class='ocrx_word' id='word_1_183' title='bbox 818 3562 835 3602; x_wconf 90' lang='lat' dir='ltr'><strong>e</strong></span> <span class='ocrx_word' id='word_1_184' title='bbox 850 3548 931 3616; x_wconf 83' lang='lat' dir='ltr'><strong>greci</strong></span> <span class='ocrx_word' id='word_1_185' title='bbox 943 3547 973 3602; x_wconf 89' lang='lat' dir='ltr'><strong>di</strong></span> <span class='ocrx_word' id='word_1_186' title='bbox 991 3548 1061 3616; x_wconf 84' lang='lat' dir='ltr'><strong>ogni</strong></span> <span class='ocrx_word' id='word_1_187' title='bbox 1076 3554 1177 3618; x_wconf 89' lang='lat' dir='ltr'><strong>tempo</strong></span> <span class='ocrx_word' id='word_1_188' title='bbox 1197 3548 1233 3604; x_wconf 93' lang='lat' dir='ltr'><strong>da</strong></span> <span class='ocrx_word' id='word_1_189' title='bbox 1248 3549 1293 3604; x_wconf 92' lang='lat' dir='ltr'><strong>lui</strong></span> <span class='ocrx_word' id='word_1_190' title='bbox 1307 3548 1444 3617; x_wconf 82' lang='lat' dir='ltr'><strong>studiati,</strong></span> 
     </span>
     <span class='ocr_line' id='line_1_28' title="bbox 267 3626 1445 3697; baseline 0.001 -15"><span class='ocrx_word' id='word_1_191' title='bbox 267 3626 386 3697; x_wconf 81' lang='lat' dir='ltr'><strong>quindi,</strong></span> <span class='ocrx_word' id='word_1_192' title='bbox 400 3626 580 3683; x_wconf 84' lang='lat' dir='ltr'><strong>riferendosi</strong></span> <span class='ocrx_word' id='word_1_193' title='bbox 595 3643 612 3682; x_wconf 90' lang='lat' dir='ltr'><strong>a</strong></span> <span class='ocrx_word' id='word_1_194' title='bbox 626 3629 734 3696; x_wconf 87' lang='lat' dir='ltr'><strong>Laura,</strong></span> <span class='ocrx_word' id='word_1_195' title='bbox 751 3641 789 3682; x_wconf 92' lang='lat' dir='ltr'><strong>ne</strong></span> <span class='ocrx_word' id='word_1_196' title='bbox 802 3627 915 3697; x_wconf 84' lang='lat' dir='ltr'><strong>piange</strong></span> <span class='ocrx_word' id='word_1_197' title='bbox 929 3627 959 3681; x_wconf 90' lang='lat' dir='ltr'><strong>la</strong></span> <span class='ocrx_word' id='word_1_198' title='bbox 972 3634 1080 3695; x_wconf 81' lang='lat' dir='ltr'><strong>morte,</strong></span> <span class='ocrx_word' id='word_1_199' title='bbox 1096 3634 1214 3683; x_wconf 87' lang='lat' dir='ltr'><strong>mentre</strong></span> <span class='ocrx_word' id='word_1_200' title='bbox 1228 3629 1347 3684; x_wconf 87' lang='lat' dir='ltr'><strong>Socrate</strong></span> <span class='ocrx_word' id='word_1_201' title='bbox 1360 3642 1445 3684; x_wconf 89' lang='lat' dir='ltr'><strong>cerea</strong></span> 
     </span>
     <span class='ocr_line' id='line_1_29' title="bbox 268 3707 498 3763; baseline -0.004 0"><span class='ocrx_word' id='word_1_202' title='bbox 268 3707 299 3763; x_wconf 89' lang='lat' dir='ltr'><strong>di</strong></span> <span class='ocrx_word' id='word_1_203' title='bbox 319 3707 498 3763; x_wconf 79' lang='lat' dir='ltr'><strong>consolarle</strong></span> 
     </span>
     <span class='ocr_line' id='line_1_30' title="bbox 712 3779 890 3846; baseline -0.011 0"><span class='ocrx_word' id='word_1_204' title='bbox 712 3779 890 3846; x_wconf 78' lang='lat' dir='ltr'><strong>Srnvauus.</strong></span> 
     </span>
    </p>
   </div>
   <div class='ocr_carea' id='block_1_7' title="bbox 175 3894 1217 4838">
    <p class='ocr_par' dir='ltr' id='par_1_7' title="bbox 248 3894 1151 4301">
     <span class='ocr_line' id='line_1_31' title="bbox 249 3894 1151 3980; baseline 0 -20"><span class='ocrx_word' id='word_1_205' title='bbox 249 3897 381 3960; x_wconf 90' lang='lat' dir='ltr'><strong>Laurea</strong></span> <span class='ocrx_word' id='word_1_206' title='bbox 405 3913 589 3980; x_wconf 82' lang='lat' dir='ltr'><strong>cognomen</strong></span> <span class='ocrx_word' id='word_1_207' title='bbox 611 3894 728 3961; x_wconf 83' lang='lat' dir='ltr'><strong>tribuit</strong></span> <span class='ocrx_word' id='word_1_208' title='bbox 751 3894 840 3976; x_wconf 84' lang='lat' dir='ltr'><strong>mihi,</strong></span> <span class='ocrx_word' id='word_1_209' title='bbox 865 3896 998 3962; x_wconf 89' lang='lat' dir='ltr'><strong>Laurea</strong></span> <span class='ocrx_word' id='word_1_210' title='bbox 1019 3896 1151 3978; x_wconf 86' lang='lat' dir='ltr'><strong>famam,</strong></span> 
     </span>
     <span class='ocr_line' id='line_1_32' title="bbox 248 4000 1124 4087; baseline 0.001 -21"><span class='ocrx_word' id='word_1_211' title='bbox 248 4003 381 4066; x_wconf 91' lang='lat' dir='ltr'><strong>Laurea</strong></span> <span class='ocrx_word' id='word_1_212' title='bbox 404 4000 554 4067; x_wconf 86' lang='lat' dir='ltr'><strong>divitias:</strong></span> <span class='ocrx_word' id='word_1_213' title='bbox 579 4002 710 4067; x_wconf 90' lang='lat' dir='ltr'><strong>fueram</strong></span> <span class='ocrx_word' id='word_1_214' title='bbox 733 4001 788 4087; x_wconf 95' lang='lat' dir='ltr'><strong>qui</strong></span> <span class='ocrx_word' id='word_1_215' title='bbox 812 4021 939 4087; x_wconf 89' lang='lat' dir='ltr'><strong>pauper</strong></span> <span class='ocrx_word' id='word_1_216' title='bbox 963 4001 997 4066; x_wconf 93' lang='lat' dir='ltr'><strong>in</strong></span> <span class='ocrx_word' id='word_1_217' title='bbox 1023 4002 1124 4080; x_wconf 76' lang='lat' dir='ltr'><strong>arvis</strong></span> 
     </span>
     <span class='ocr_line' id='line_1_33' title="bbox 249 4108 1095 4185; baseline 0.002 -13"><span class='ocrx_word' id='word_1_218' title='bbox 249 4109 348 4174; x_wconf 87' lang='lat' dir='ltr'><strong>Dives</strong></span> <span class='ocrx_word' id='word_1_219' title='bbox 372 4128 465 4173; x_wconf 90' lang='lat' dir='ltr'><strong>eram</strong></span> <span class='ocrx_word' id='word_1_220' title='bbox 489 4109 523 4173; x_wconf 93' lang='lat' dir='ltr'><strong>in</strong></span> <span class='ocrx_word' id='word_1_221' title='bbox 547 4108 660 4185; x_wconf 88' lang='lat' dir='ltr'><strong>silvis;</strong></span> <span class='ocrx_word' id='word_1_222' title='bbox 686 4129 748 4175; x_wconf 92' lang='lat' dir='ltr'><strong>nec</strong></span> <span class='ocrx_word' id='word_1_223' title='bbox 771 4129 824 4174; x_wconf 93' lang='lat' dir='ltr'><strong>me</strong></span> <span class='ocrx_word' id='word_1_224' title='bbox 848 4109 976 4175; x_wconf 83' lang='lat' dir='ltr'><strong>felicior</strong></span> <span class='ocrx_word' id='word_1_225' title='bbox 1000 4109 1095 4174; x_wconf 91' lang='lat' dir='ltr'><strong>alter.</strong></span> 
     </span>
     <span class='ocr_line' id='line_1_34' title="bbox 250 4215 1090 4301; baseline 0.001 -21"><span class='ocrx_word' id='word_1_226' title='bbox 250 4215 314 4280; x_wconf 90' lang='lat' dir='ltr'><strong>Sed</strong></span> <span class='ocrx_word' id='word_1_227' title='bbox 337 4216 460 4281; x_wconf 90' lang='lat' dir='ltr'><strong>laetum</strong></span> <span class='ocrx_word' id='word_1_228' title='bbox 483 4216 631 4282; x_wconf 88' lang='lat' dir='ltr'><strong>Fortuna</strong></span> <span class='ocrx_word' id='word_1_229' title='bbox 654 4217 749 4282; x_wconf 92' lang='lat' dir='ltr'><strong>oculo</strong></span> <span class='ocrx_word' id='word_1_230' title='bbox 773 4215 946 4301; x_wconf 81' lang='lat' dir='ltr'><strong>conspexit</strong></span> <span class='ocrx_word' id='word_1_231' title='bbox 969 4215 1090 4300; x_wconf 89' lang='lat' dir='ltr'><strong>iniquo.</strong></span> 
     </span>
    </p>

    <p class='ocr_par' dir='ltr' id='par_1_8' title="bbox 175 4322 1217 4838">
     <span class='ocr_line' id='line_1_35' title="bbox 175 4322 1202 4408; baseline 0 -20"><span class='ocrx_word' id='word_1_232' title='bbox 175 4322 226 4388; x_wconf 37' lang='lat'><strong>180</strong></span> <span class='ocrx_word' id='word_1_233' title='bbox 249 4323 351 4387; x_wconf 89' lang='lat' dir='ltr'><strong>Forte</strong></span> <span class='ocrx_word' id='word_1_234' title='bbox 375 4322 522 4403; x_wconf 87' lang='lat' dir='ltr'><strong>aberam,</strong></span> <span class='ocrx_word' id='word_1_235' title='bbox 547 4322 712 4407; x_wconf 89' lang='lat' dir='ltr'><strong>silvasque</strong></span> <span class='ocrx_word' id='word_1_236' title='bbox 736 4322 843 4389; x_wconf 91' lang='lat' dir='ltr'><strong>ieram</strong></span> <span class='ocrx_word' id='word_1_237' title='bbox 866 4330 1017 4408; x_wconf 88' lang='lat' dir='ltr'><strong>spectare</strong></span> <span class='ocrx_word' id='word_1_238' title='bbox 1041 4331 1202 4390; x_wconf 88' lang='lat' dir='ltr'><strong>vetustas:</strong></span> 
     </span>
     <span class='ocr_line' id='line_1_36' title="bbox 250 4414 1210 4513; baseline 0.002 -19"><span class='ocrx_word' id='word_1_239' title='bbox 250 4429 394 4495; x_wconf 91' lang='lat' dir='ltr'><strong>Pestifer</strong></span> <span class='ocrx_word' id='word_1_240' title='bbox 417 4414 495 4495; x_wconf 88' lang='lat' dir='ltr'><strong>hinc</strong></span> <span class='ocrx_word' id='word_1_241' title='bbox 518 4431 639 4511; x_wconf 83' lang='lat' dir='ltr'><strong>Eurus,</strong></span> <span class='ocrx_word' id='word_1_242' title='bbox 664 4431 741 4497; x_wconf 92' lang='lat' dir='ltr'><strong>hinc</strong></span> <span class='ocrx_word' id='word_1_243' title='bbox 765 4430 917 4496; x_wconf 88' lang='lat' dir='ltr'><strong>humidus</strong></span> <span class='ocrx_word' id='word_1_244' title='bbox 941 4429 1042 4497; x_wconf 91' lang='lat' dir='ltr'><strong>irruit</strong></span> <span class='ocrx_word' id='word_1_245' title='bbox 1065 4431 1210 4513; x_wconf 54' lang='lat' dir='ltr'><strong>Austerj</strong></span> 
     </span>
     <span class='ocr_line' id='line_1_37' title="bbox 247 4535 1144 4624; baseline 0.003 -23"><span class='ocrx_word' id='word_1_246' title='bbox 247 4537 291 4601; x_wconf 85' lang='lat' dir='ltr'><strong>Et</strong></span> <span class='ocrx_word' id='word_1_247' title='bbox 312 4535 424 4601; x_wconf 90' lang='lat' dir='ltr'><strong>stratis</strong></span> <span class='ocrx_word' id='word_1_248' title='bbox 448 4535 513 4602; x_wconf 91' lang='lat' dir='ltr'><strong>late</strong></span> <span class='ocrx_word' id='word_1_249' title='bbox 537 4537 723 4614; x_wconf 76' lang='lat' dir='ltr'><strong>arboribus</strong></span> <span class='ocrx_word' id='word_1_250' title='bbox 750 4557 824 4603; x_wconf 92' lang='lat' dir='ltr'><strong>mea</strong></span> <span class='ocrx_word' id='word_1_251' title='bbox 852 4537 972 4624; x_wconf 83' lang='lat' dir='ltr'><strong>gaudia</strong></span> <span class='ocrx_word' id='word_1_252' title='bbox 997 4539 1144 4604; x_wconf 90' lang='lat' dir='ltr'><strong>Laurum</strong></span> 
     </span>
     <span class='ocr_line' id='line_1_38' title="bbox 248 4643 1217 4729; baseline 0.002 -21"><span class='ocrx_word' id='word_1_253' title='bbox 248 4643 433 4728; x_wconf 84' lang='lat' dir='ltr'><strong>Extirpant,</strong></span> <span class='ocrx_word' id='word_1_254' title='bbox 458 4644 684 4729; x_wconf 87' lang='lat' dir='ltr'><strong>franguntque</strong></span> <span class='ocrx_word' id='word_1_255' title='bbox 707 4650 830 4727; x_wconf 88' lang='lat' dir='ltr'><strong>truces,</strong></span> <span class='ocrx_word' id='word_1_256' title='bbox 856 4650 1036 4729; x_wconf 88' lang='lat' dir='ltr'><strong>terraeque</strong></span> <span class='ocrx_word' id='word_1_257' title='bbox 1064 4646 1217 4711; x_wconf 87' lang='lat' dir='ltr'><strong>cavernis</strong></span> 
     </span>
     <span class='ocr_line' id='line_1_39' title="bbox 250 4749 1157 4838; baseline 0.008 -22"><span class='ocrx_word' id='word_1_258' title='bbox 250 4749 393 4818; x_wconf 90' lang='lat' dir='ltr'><strong>Brachia</strong></span> <span class='ocrx_word' id='word_1_259' title='bbox 416 4771 596 4830; x_wconf 87' lang='lat' dir='ltr'><strong>ramorum,</strong></span> <span class='ocrx_word' id='word_1_260' title='bbox 621 4752 822 4838; x_wconf 85' lang='lat' dir='ltr'><strong>frondesque</strong></span> <span class='ocrx_word' id='word_1_261' title='bbox 846 4753 956 4820; x_wconf 90' lang='lat' dir='ltr'><strong>tulere</strong></span> <span class='ocrx_word' id='word_1_262' title='bbox 980 4759 1157 4824; x_wconf 83' lang='lat' dir='ltr'><strong>comantes.</strong></span> 
     </span>
    </p>
   </div>
   <div class='ocr_carea' id='block_1_8' title="bbox 296 4923 729 4995">
    <p class='ocr_par' dir='ltr' id='par_1_9' title="bbox 296 4923 729 4995">
     <span class='ocr_line' id='line_1_40' title="bbox 296 4923 729 4995; baseline 0.012 -24"><span class='ocrx_word' id='word_1_263' title='bbox 296 4925 310 4971; x_wconf 74' lang='lat'>⁸</span> <span class='ocrx_word' id='word_1_264' title='bbox 323 4944 351 4960; x_wconf 93' lang='lat'>-</span> <span class='ocrx_word' id='word_1_265' title='bbox 362 4923 527 4995; x_wconf 61' lang='grc'><strong>0111111101</strong></span> <span class='ocrx_word' id='word_1_266' title='bbox 538 4924 566 4970; x_wconf 75' lang='lat' dir='ltr'><strong>di</strong></span> <span class='ocrx_word' id='word_1_267' title='bbox 574 4929 729 4981; x_wconf 68' lang='lat' dir='ltr'><strong>maereret.</strong></span> 
     </span>
    </p>
   </div>
   <div class='ocr_carea' id='block_1_9' title="bbox 0 0 1646 5750">
    <p class='ocr_par' dir='ltr' id='par_1_10' title="bbox 0 0 1646 5750">
     <span class='ocr_line' id='line_1_41' title="bbox 0 0 1646 5750; baseline 0 0"><span class='ocrx_word' id='word_1_268' title='bbox 0 0 1646 5750; x_wconf 95' lang='lat' dir='ltr'><strong> </strong></span> 
     </span>
    </p>
   </div>
  </div>
 </body>
</html>
