3284 5750
693 868 829 941 ‘armen

218 1051 404 1136 Acpaotos
427 1050 560 1118 laniare
578 1055 681 1117 toros.
703 1047 855 1115 Victoria
884 1053 1052 1133 postquam

218 1160 372 1225 Romano
388 1148 457 1225 'stat
481 1166 573 1226 certa
597 1157 681 1234 duci,
705 1177 768 1223 nec
790 1155 929 1222 flectere
952 1155 1123 1241 quisquam

218 1267 298 1333 Fata
324 1273 431 1353 potest
453 1273 590 1334 aeterna
616 1265 723 1333 loris:
748 1265 812 1331 sint
835 1264 949 1331 ultima
977 1263 1063 1330 ritae

218 1375 349 1456 Tristia,
374 1381 408 1441 et
431 1375 559 1441 eximiis
582 1395 642 1440 sua
666 1375 771 1440 Roma
795 1371 928 1459 ingrata
943 1368 1130 1457 tropaeis⁸¹;

119 1482 194 1546 750
217 1481 321 1546 Exsul
346 1488 379 1547 et
402 1502 422 1547 a
445 1480 551 1567 patria
574 1480 762 1569 deserto-in
785 1499 868 1544 rure
892 1483 1043 1544 senescat

218 1588 314 1654 Solus
338 1595 371 1654 et
394 1608 414 1653 a
438 1587 510 1653 fidis
532 1586 631 1673 longe
654 1591 798 1653 semotus
822 1585 957 1662 amicis;

219 1695 287 1760 Nec
312 1694 422 1760 videat
445 1693 506 1759 sihi
529 1693 625 1760 dulce
648 1692 778 1778 aliquid,
803 1693 859 1777 qui
882 1691 989 1757 dulcia
1013 1690 1106 1756 nobis

217 1801 337 1867 Omnia
361 1801 564 1887 praeripuit:
589 1807 659 1867 tum
682 1800 751 1866 cari
776 1799 898 1865 iniuria
922 1799 1037 1866 fratris

216 1906 382 1994 Exagitet,
407 1908 581 1994 doleatque
604 1927 680 1973 suos
704 1927 769 1974 non
795 1928 899 1991 aequa
922 1907 1089 1972 ferentes:

123 2012 193 2079 755
215 2012 347 2079 Filius⁸²
369 2021 538 2080 extremos
561 2012 721 2101 inglorius
745 2021 909 2099 aggravet
936 2032 1049 2078 annos.

215 2121 354 2207 Indigno
377 2121 509 2188 tandem
532 2130 630 2206 atque
654 2120 741 2206 inopi
765 2120 923 2186 claudare
947 2119 1110 2205 sepulcre,

215 2229 391 2313 Iratusque
414 2228 471 2294 tihi
495 2236 528 2295 et
551 2227 679 2314 patriae
704 2227 849 2293 moriare
874 2227 1021 2308 relictae,
1046 2298 1048 2302 μ
1167 2265 1170 2270 ·

216 2335 334 2420 Scipio,
359 2343 393 2401 et
415 2335 555 2401 infames
579 2335 666 2401 saxis
690 2334 834 2401 inscribe
857 2332 1021 2420 querelas.

215 2442 265 2506 Tu
289 2461 419 2527 quoque
443 2441 580 2508 finitimo
604 2462 735 2527 semper
759 2441 910 2526 quatiere
933 2440 1086 2518 tumultu,

122 2548 193 2613 760
216 2547 250 2614 Si
274 2568 386 2614 secum
409 2550 554 2634 posthac,
579 2548 700 2615 coniux
724 2547 903 2623 carissime,
928 2545 1061 2611 firmum

214 2655 345 2721 Foedus
369 2656 492 2733 habes;
517 2656 629 2722 videas
654 2652 840 2722 obeuntes8ss
863 2655 983 2720 funere
1008 2660 1102 2718 natos

215 2762 459 2848 Intempestive,
484 2770 518 2829 et
541 2763 688 2829 foedatos
715 2762 814 2828 caede
838 2759 1006 2846 nepotes⁸⁴

216 2868 366 2936 Alterna.
384 2869 533 2936 Veniens
557 2870 612 2937 illa
638 2870 677 2936 de
702 2878 801 2957 gente
826 2876 984 2937 cruentus

216 2974 398 3042 Rusticus⁸⁵
422 2976 556 3043 insultet
580 2977 697 3063 generi
721 2997 781 3062 per
805 2977 947 3042 vulnera
972 2983 1092 3052 vestro,

121 3082 191 3147 765
214 3083 257 3148 Et
278 3083 392 3150 trahat
415 3091 492 3150 ante
516 3083 634 3150 rudem
659 3084 783 3150 vinctos
807 3104 867 3170 per
891 3083 1020 3149 moenia
1045 3103 1193 3159 currum,

214 3188 322 3256 Ornet
345 3197 378 3257 et
401 3211 444 3256 ex
468 3189 559 3257 vohis
583 3191 734 3277 proprios
757 3198 813 3257 tua
838 3192 944 3257 Roma
968 3188 1172 3275 triumphos!
1194 3214 1212 3248 s

211 3295 371 3362 Dixerat:
396 3317 434 3363 ac
457 3297 583 3363 circum
605 3283 761 3363 lacrimas
784 3297 1009 3383 gemitumque
1034 3295 1164 3361 rideres

213 3403 436 3487 Astantesque
460 3403 532 3469 fero
557 3404 710 3471 attonitos
733 3403 907 3469 intendere
924 3403 990 3468 fini.

209 3508 270 3574 Illa
299 3530 399 3574 manu
423 3516 637 3596 pateramque
660 3516 777 3577 tenens
801 3517 835 3576 et
858 3509 982 3575 lumina
1000 3509 1092 3575 caelo

123 3615 190 3679 770
214 3615 394 3682 Attollens:
423 3641 441 3676 a
464 3615 519 3683 Sol
542 3617 638 3698 alme,
663 3616 776 3702 in'quit,
802 3617 990 3703 superique,
1015 3616 1145 3692 valete;

210 3721 394 3799 Masinissa,
419 3723 503 3801 vale,
528 3724 632 3790 nostri
656 3744 833 3790 memor».
859 3723 937 3789 lnde
962 3723 1143 3810 malignum

210 3829 281 3894 Ceu
305 3828 420 3895 sitiens
442 3831 555 3897 haurit
577 3851 643 3897 non
667 3840 755 3897 mota
784 3832 895 3897 fronte
922 3851 1096 3907 venenum,

208 3937 456 4022 Tartareasque
479 3938 559 4023 petit
581 3938 745 4005 violentus
769 3939 904 4023 spiritus
928 3939 1073 4003 umbras.

568 4216 738 4294 LIBRO
773 4217 957 4294 SESTO.

118 4425 276 4482 Solonisha
296 4425 407 4482 scendo
419 4427 607 4495 all'infern0,
626 4428 703 4484 dove
717 4429 753 4485 da
767 4429 908 4494 Minosse‚
929 4428 1115 4485 Radamanto
1128 4427 1165 4483 ed
1178 4428 1253 4482 ano
1273 4428 1314 4489 (v.
1328 4428 1402 4496 1-37)

188 4507 280 4562 vieno
300 4513 461 4576 assegnata
481 4508 511 4563 al
529 4513 612 4564 terzo
630 4509 747 4578 girone.

207 4686 303 4752 Haud
327 4685 487 4772 procula
511 4686 582 4772 ripa
607 4688 742 4754 Lethaei
766 4687 910 4754 fluminis
933 4689 989 4755 illa

206 4796 302 4871 Quae
325 4793 413 4882 capit
436 4794 600 4880 expositos
624 4795 865 4881 inamoenaque
888 4796 986 4864 mittit
1013 4797 1046 4861 in
1070 4805 1178 4877 autre,

138 4903 184 4968 40
205 4900 369 4970 Planities
393 4901 534 4970 obscura
557 4902 652 4981 iacet,
678 4924 763 4991 quae
787 4903 924 4970 collibus
948 4904 1029 4970 atris
