3284 5750
518 647 587 744 χ
730 663 849 711 aaaron

232 840 353 926 Stirpis
376 841 587 925 Agenoreae.
612 841 774 906 Iuvenum
798 861 876 906 mox
900 842 988 908 clara
1013 842 1155 907 duorum
1276 861 1278 864 ·

232 947 391 1032 Corpora,
415 946 594 1032 progenies
617 944 763 1024 Ledae⁵³,
789 968 849 1033 par
872 947 982 1013 nobile
1007 948 1161 1015 fratrum.

233 1054 368 1134 Quarta,
392 1052 450 1118 sed
474 1053 640 1137 aequorei,
666 1054 792 1139 species
817 1054 909 1120 venit
932 1054 1067 1120 horrida
1092 1056 1222 1138 Cancri,

133 1160 205 1226 120
230 1162 337 1236 Quem
359 1160 452 1225 frons
475 1160 665 1245 praerabidi
688 1160 838 1245 sequitur
861 1161 1038 1226 metuenda
1063 1161 1193 1227 Leonis.

230 1268 310 1333 Post
333 1265 427 1331 illum
450 1265 593 1345 itvultu
616 1287 714 1333 roseo
738 1267 964 1352 pulcherrima
987 1268 1107 1353 Virgo.

231 1374 276 1439 At
299 1373 411 1459 gravis
435 1372 511 1439 hino
534 1373 625 1439 illinc
649 1374 813 1440 exstantia
837 1374 974 1440 brachia
997 1375 1119 1441 Librae

230 1480 402 1546 Instabiles
426 1480 561 1569 paribus
585 1488 800 1567 compensant
825 1482 973 1568 passibus
997 1484 1108 1549 horas

235 1587 388 1673 Scorpius
410 1586 489 1653 hino
512 1588 615 1677 cauda
638 1588 818 1674 perlustrat
841 1595 926 1655 10013
950 1589 1070 1655 minaci
1298 1675 1299 1678 Ἴ

132 1694 208 1760 125
232 1695 446 1779 Ingentesque
470 1693 576 1780 aperit
599 1694 723 1759 chelas:
749 1694 827 1761 hinc
850 1696 1007 1775 Thessala
1030 1694 1213 1778 1000011351,

236 1800 389 1867 Semiviri
412 1800 562 1867 informis
585 1800 719 1885 species,
744 1802 795 1867 cui
818 1802 927 1868 vultus
951 1808 983 1868 et
1006 1803 1092 1868 armi

237 1907 319 1973 Sunt
341 1908 493 1989 hominis,
516 1914 672 1993 tensoque
695 1928 796 1973 senex
819 1908 1005 1993 spectabilis
1028 1929 1109 1974 arcu

235 2014 390 2079 Horrifer
412 2034 551 2081 occursu
574 2015 792 2101 pharetraque
815 2014 976 2080 incinctus
1001 2016 1134 2097 eburna,

234 2120 350 2187 Infima
375 2141 451 2208 pars
474 2122 670 2208 quadrupes;
695 2122 849 2207 iuxtaque
872 2122 1014 2207 assurgit
1036 2122 1069 2187 in
1093 2122 1194 2189 altum

138 2230 210 2295 130
234 2230 355 2294 Forma
371 2228 453 2294 levis
470 2230 626 2314 Capreae,
650 2230 747 2295 rutilo
763 2229 813 2295 cui
840 2250 961 2295 cornua
977 2230 1107 2294 inaure

236 2333 410 2421 Effulgent,
435 2334 573 2421 fissoque
597 2337 683 2421 riget
706 2358 761 2421 pes
784 2358 892 2423 ungue
915 2337 1068 2403 bicornis.

229 2444 309 2508 Post
333 2442 447 2527 ingens
471 2442 546 2508 nodi
570 2442 732 2528 effigiesffi,
757 2443 930 2529 nimboque
954 2444 1097 2530 nigranti

234 2550 341 2614 Frons
364 2550 473 2615 velata
495 2549 648 2631 hominia,
672 2550 762 2616 velut
784 2551 918 2616 aethere
942 2570 1064 2636 pronus
1088 2552 1129 2615 ab
1152 2550 1217 2617 alto

231 2655 358 2721 Fundat
381 2675 491 2741 aquas,
516 2656 665 2741 factoque
688 2661 803 2723 natant
826 2656 859 2721 in
883 2658 1015 2743 gurgite
1038 2658 1150 2722 Pisces

138 2762 209 2827 135
232 2762 487 2847 Pectoribusque
510 2770 623 2829 secant
646 2763 820 2849 caudisque
843 2764 1057 2829 trementibus
1081 2764 1193 2829 undas.

209 2935 396 3002 Attraggono
414 2935 462 3005 poi
484 2933 513 2989 la
532 2948 587 2989 sua
607 2935 776 2990 attenzione
797 2934 824 2989 le
844 2932 974 2990 divinita
987 2933 1036 2990 del
1055 2933 1147 3000 Gielo,
1167 2933 1217 2989 del
1230 2935 1323 3002 Mare,
1343 2933 1424 2990 della

137 3015 243 3081 Terra,
265 3013 401 3068 istoriate
427 3013 506 3069 sulle
525 3014 622 3083 pareti
643 3015 684 3083 (v.
711 3015 850 3082 136-266).
873 3019 1029 3069 ammesso
1055 3013 1114 3068 alla
1132 3028 1278 3083 presenza
1303 3013 1352 3070 del
1371 3016 1425 3081 Re,

136 3093 219 3148 lelio
237 3092 278 3160 gli
299 3094 375 3148 effre
393 3092 554 3149 l’amicizia
582 3107 599 3148 0
631 3094 642 3147 1
670 3094 741 3149 doni
770 3093 800 3149 di
828 3093 966 3162 Scipione
994 3108 1011 3148 e
1040 3092 1070 3148 di
1091 3095 1184 3149 Roma
1205 3094 1246 3162 (v.
1275 3095 1424 3163 267-332);

137 3172 235 3228 Siface
254 3179 367 3228 accetta
387 3173 415 3229 le
434 3173 540 3228 offerte
558 3188 575 3228 e
594 3180 743 3243 promette
763 3173 794 3229 di
813 3173 965 3244 stringere
982 3172 1152 3239 l'alleanza,
1167 3172 1282 3243 purche
1301 3174 1378 3230 alui
1397 3175 1423 3230 si

136 3254 273 3323 presenti
290 3253 320 3308 10
333 3260 429 3309 stesso
447 3254 584 3323 Scipione
598 3255 639 3322 (v.
653 3255 794 3322 331363).
815 3253 1074 3309 S'imbandiscono
1095 3254 1122 3309 le
1142 3267 1277 3310 mensae
1292 3254 1422 3311 durante

137 3333 160 3387 11
178 3333 339 3389 banchetto
364 3348 408 3390 un
428 3334 557 3402 giovane
583 3341 671 3404 poeta
689 3340 777 3389 canta
803 3334 832 3388 le
862 3333 974 3401 origini
995 3334 1025 3389 di
1044 3334 1204 3403 cartagine
1226 3350 1243 3390 0
1263 3335 1291 3390 10
1311 3349 1424 3403 guerre

136 3412 564 3482 11111111310(1.361-151);
586 3413 693 3483 quindi
722 3414 803 3468 Lelio
827 3427 882 3483 per
902 3413 998 3468 inrito
1027 3414 1056 3469 di
1084 3413 1179 3469 siface
1199 3429 1290 3471 narra
1314 3415 1343 3471 10
1362 3415 1422 3471 011-

138 3494 204 3562 gini
222 3509 239 3549 e
259 3494 287 3550 le
307 3494 403 3562 glorie
422 3495 451 3550 di
473 3496 566 3550 Roma
586 3495 628 3564 (v.
650 3495 790 3564 152112).

228 3678 457 3694 .....
506 3630 707 3695 Teucrorum
730 3648 749 3693 a
772 3630 933 3715 sanguine
956 3630 1054 3715 longe

227 3733 459 3820 Gentis‘origo
483 3734 582 3816 venit,
606 3733 730 3800 victrix
752 3756 849 3820 quem
873 3735 1012 3801 Graecia
1036 3735 1122 3802 bello

225 3841 351 3907 Dicitur
372 3841 414 3907 ad
437 3841 562 3927 patrios
587 3861 699 3907 muros
722 3842 883 3927 sparsisse
906 3841 1049 3908 bilustri:

135 3947 203 4013 195
225 3948 268 4013 Et
290 3947 430 4013 fortasse
454 3948 570 4033 aliquis
595 3948 663 4013 iam
686 3948 768 4013 tanti
792 3948 938 4013 criminis
961 3947 1082 4015 ultor56

186 4119 191 4127 ,
227 4054 330 4120 Natus
353 4055 387 4118 in
410 4055 504 4120 ltalia
528 4061 585 4120 est.
611 4055 674 4120 Sed
697 4075 785 4120 nunc
808 4054 849 4119 ad
873 4060 986 4139 coepta
1010 4059 1171 4119 revertor.

226 4160 407 4246 Naufragio
430 4181 472 4226 ex
494 4167 585 4227 tanto
603 4161 731 4247 vvirque
754 4182 796 4226 ex
819 4168 867 4227 tot
890 4160 1031 4225 millibus
1054 4182 1138 4225 unus

224 4267 359 4351 Integer
382 4266 492 4332 enavit
515 4266 586 4331 siue
609 4262 786 4331 crimine⁵⁷.
812 4267 969 4351 Namque,
992 4267 1046 4331 ubi
1070 4266 1191 4332 Troiae

224 4373 343 4439 Matris
366 4373 472 4439 adhuc
495 4373 647 4460 Phrygio
670 4373 818 4440 fumabat
841 4373 949 4439 littore
972 4375 1103 4439 bustum

134 4479 201 4545 500
225 4481 358 4565 lamque
380 4478 462 4546 cinis
485 4479 617 4550 facilem
641 4478 798 4566 incipieus
822 4480 1010 4565 glomerare
1033 4481 1193 4559 favillam,

226 4585 361 4652 inclitus
384 4591 418 4651 et
440 4584 540 4652 claris
563 4585 701 4652 multum
723 4592 885 4672 spectatus
908 4587 1066 4652 inarmis

224 4694 300 4758 Dux
321 4691 551 4776 Anchisiades,
575 4715 674 4779 quum
697 4712 763 4759 non
787 4693 841 4759 via
864 4714 970 4779 prona
989 4694 1103 4760 salutis

216 4871 232 4913 1
249 4889 275 4902 -
289 4871 362 4925 epm
375 4867 456 4914 teliu
468 4868 494 4913 111
503 4862 532 4916 a
539 4873 655 4916 petrarca.
