3284 5750
100 409 1147 735 u

100 724 104 733 Ι
123 732 126 741 Ι
177 732 185 741 h

740 889 858 945 AFRch

148 1072 222 1140 555
246 1074 450 1141 Particulam
473 1075 628 1161 caecique
651 1075 768 1141 infudit
792 1076 934 1161 pectoris
957 1084 1054 1143 antro

245 1181 470 1267 Accenditque
493 1182 669 1248 homines?
694 1185 825 1258 Quanta
849 1191 899 1248 est
922 1184 1107 1250 constantia
1131 1184 1231 1250 menti

246 1287 369 1354 Insital
394 1290 501 1364 Quam
524 1310 683 1375 praeceps
707 1310 767 1375 per
792 1297 911 1356 cuncta
936 1291 1083 1375 pericula
1107 1290 1239 1358 fertur!

247 1394 392 1472 Credite,
417 1415 579 1481 corporeo
603 1395 664 1461 nisi
690 1402 835 1462 mentem
859 1417 998 1462 carcere
1026 1397 1172 1463 clausam

245 1503 385 1569 Sarcina
409 1504 637 1569 membrorum
660 1512 839 1589 premeret,
864 1504 953 1570 foret
977 1504 1032 1570 ille
1062 1505 1201 1570 deorum

149 1609 221 1674 560
244 1610 295 1674 Ex
320 1630 470 1688 numero,
494 1610 641 1696 solioque
665 1610 750 1676 altus
774 1612 927 1677 radiante
950 1612 1092 1678 sederet.

247 1717 385 1782 Nomine
407 1737 474 1782 non
498 1738 578 1802 opus
602 1724 661 1795 est,
687 1718 742 1782 ubi
766 1717 825 1783 soli
850 1719 1005 1784 convenit
1030 1719 1084 1782 uui

245 1824 339 1899 Quod
362 1823 529 1909 loqueris;
553 1824 712 1909 factisque
736 1824 814 1889 satis
839 1824 905 1889 iam
928 1825 1078 1909 cognitus
1103 1825 1175 1890 orbi
1199 1833 1249 1891 est

245 1929 421 1995 Hannibal.
446 1930 534 1995 Ante
558 1951 634 1995 suos
658 1930 798 2015 perdent
821 1930 972 1996 errantia
996 1930 1095 1995 calles

246 2035 374 2113 Sidera,
399 2043 432 2101 et
456 2036 628 2122 AEthiopes
652 2036 782 2102 nivibus
806 2036 921 2122 gnavis
944 2038 1063 2103 obruet
1086 2044 1203 2119 aestas,

150 2141 222 2206 565
245 2141 524 2228 Riphaeumque⁹⁸
547 2143 624 2228 gelu
648 2145 755 2209 Borea
780 2144 942 2228 tepefacta
972 2144 1108 2228 liquenti

244 2250 358 2316 Solvet
381 2250 496 2327 hiems,
521 2271 619 2335 quam
644 2250 731 2316 foeta
756 2250 831 2316 viro
854 2251 1050 2336 produxerit
1072 2251 1118 2315 illi

246 2358 353 2423 Terra
377 2377 515 2443 parem;
541 2377 601 2422 uec
625 2356 708 2423 fallit
731 2377 835 2422 amor.
861 2358 1030 2423 Sedsvera
1055 2358 1185 2424 fatebor

242 2463 397 2550 (Parcite,
422 2464 631 2550 caelicolaet:
657 2484 780 2530 vereor
806 2485 849 2529 ne
872 2464 974 2531 tristis
998 2465 1132 2530 alumno

243 2569 370 2636 Invidia
394 2579 428 2635 et
450 2590 569 2636 caecus
592 2578 709 2636 noceat
732 2570 840 2635 favor.
865 2569 984 2655 Aspice
1008 2576 1126 2651 terras,

151 2678 222 2741 570
248 2677 405 2763 luppiter,
429 2668 564 2742 ltaliae:
588 2677 696 2742 viden'
714 2676 907 2742 interstrata
930 2677 1052 2742 colonis

245 2784 338 2848 Arva
362 2782 455 2849 suist
480 2783 587 2848 viden'
606 2783 759 2869 indigena
783 2782 913 2848 variata
936 2804 1058 2849 cruore

242 2892 406 2972 Flumina,
431 2898 465 2957 et
487 2890 616 2976 ignotis,
642 2885 778 2956 multum
804 2891 967 2972 distantia,
991 2892 1092 2956 terris
1197 2931 1198 2935 =

241 3000 344 3064 Busta
368 2998 515 3064 ducuml
539 2998 650 3065 Potuit
674 2998 777 3064 latum
800 2996 954 3063 effudisse
978 3019 1037 3083 per
1062 3000 1178 3067 orbem

241 3104 405 3170 Hannibal
429 3104 490 3169 ista
514 3124 628 3181 meus;
653 3103 757 3189 potuit
780 3103 968 3189 disiungere
995 3109 1123 3175 montes

149 3213 217 3278 575
240 3212 282 3278 Et
305 3211 393 3277 saxis
417 3216 550 3277 arctare
575 3210 677 3295 vagis.
694 3212 826 3277 Verum
850 3210 966 3276 obvius
990 3212 1036 3275 illi

242 3320 337 3384 Nune
360 3320 447 3384 Deus
471 3324 521 3384 est
543 3318 680 3403 aliquis;
705 3318 777 3403 quis
800 3318 888 3383 enim
916 3318 1069 3384 mortalia
1093 3325 1209 3384 contra

240 3426 346 3491 Arma
369 3424 484 3491 serati
508 3426 599 3490 Puer
623 3425 765 3491 adverso
790 3426 881 3490 venit
906 3425 1038 3509 agmine
1066 3426 1179 3491 nobis:

239 3532 291 3597 En
315 3531 432 3618 pudor,
456 3552 475 3597 o
499 3531 620 3617 superi.
645 3532 707 3597 Sed
733 3551 794 3597 nec
818 3552 902 3617 puer
925 3532 991 3613 ille,
1016 3553 1078 3599 nec
1101 3532 1206 3598 omnis

239 3640 383 3705 Terreat
406 3637 573 3704 Ausoniae
597 3638 705 3719 tellus,
730 3659 796 3704 non
820 3638 887 3713 illa,
912 3640 1055 3723 superbo

144 3747 214 3812 580
238 3747 347 3822 Quam
369 3744 503 3811 tacitam
526 3744 580 3810 hic
602 3744 698 3811 video
723 3746 934 3811 meditantem
958 3745 1098 3830 grandia
1122 3746 1216 3811 vultu

227 3851 491 3936 ,Adversamque
514 3850 596 3917 meis
619 3850 704 3917 fatis.
728 3852 823 3918 Hanc
846 3851 970 3917 scilicet
993 3851 1097 3937 ipsam
1213 3936 1217 3944 θ

238 3959 281 4023 iit
304 3958 518 4024 formidatum
541 3958 662 4023 mundo
687 3977 894 4043 puerumque
918 3965 1112 4044 patremque

241 4066 314 4131 Una
338 4064 408 4130 acie
431 4064 597 4148 quondam
620 4063 746 4130 collatis
770 4064 908 4131 vicimus
932 4065 1055 4140 armis3

240 4172 306 4237 Nos
329 4192 391 4237 nec
415 4171 523 4236 adhuc
545 4176 638 4236 tanto
661 4170 779 4236 melior
802 4172 938 4237 fortuna
966 4171 1084 4237 favore

140 4280 214 4347 585
240 4279 405 4364 Coeperat
428 4278 590 4362 amplecti.
615 4278 711 4344 Nunc
733 4284 781 4344 tot
804 4276 934 4344 firmata
959 4278 1143 4363 triumphis,

238 4385 323 4463 Quid
346 4391 503 4463 metuam,
527 4384 588 4456 nisi
612 4386 698 4451 forte
722 4384 827 4451 deos?
852 4385 1045 4451 Succurrite
1069 4386 1178 4451 famae

238 4494 346 4577 Atque
370 4499 484 4558 arcete
507 4492 601 4557 nefas
624 4517 654 4555 ».

273 4672 297 4725 A
316 4668 357 4725 lei
377 4666 407 4725 ia
426 4669 546 4739 seguito
566 4669 598 4725 in
618 4669 717 4739 questi
741 4668 867 4725 termini
892 4645 1003 4725 Roma:

240 4840 258 4875 <
282 4814 310 4881 Ο
335 4813 446 4902 magni
469 4834 625 4899 suprema
649 4813 793 4899 potentia
817 4814 941 4891 mundi,

239 4922 273 4989 Si
295 4929 352 4989 tua
375 4922 612 5007 Romapotest
635 4920 780 4987 lacrimis
803 4921 1007 5007 perfundere
1036 4940 1150 4988 sacros
