<?xml version="1.0" encoding="UTF-8"?>
<!DOCTYPE html PUBLIC "-//W3C//DTD XHTML 1.0 Transitional//EN"
    "http://www.w3.org/TR/xhtml1/DTD/xhtml1-transitional.dtd">
<html xmlns="http://www.w3.org/1999/xhtml" xml:lang="en" lang="en">
 <head>
  <title>
</title>
<meta http-equiv="Content-Type" content="text/html;charset=utf-8" />
  <meta name='ocr-system' content='tesseract 3.04.00' />
  <meta name='ocr-capabilities' content='ocr_page ocr_carea ocr_par ocr_line ocrx_word'/>
</head>
<body>
  <div class='ocr_page' id='page_1' title='image "./operelatineanto00petrgoog_0107.png"; bbox 0 0 3284 5750; ppageno 0'>
   <div class='ocr_carea' id='block_1_1' title="bbox 248 521 1082 586">
    <p class='ocr_par' dir='ltr' id='par_1_1' title="bbox 248 521 1082 586">
     <span class='ocr_line' id='line_1_1' title="bbox 248 521 1082 586; baseline -0.01 0"><span class='ocrx_word' id='word_1_1' title='bbox 248 521 292 586; x_wconf 79' lang='lat'>82</span> <span class='ocrx_word' id='word_1_2' title='bbox 694 535 880 582; x_wconf 76' lang='lat' dir='ltr'>ruauomco</span> <span class='ocrx_word' id='word_1_3' title='bbox 912 533 1082 580; x_wconf 73' lang='lat' dir='ltr'>rursusne</span> 
     </span>
    </p>
   </div>
   <div class='ocr_carea' id='block_1_2' title="bbox 106 709 1396 4653">
    <p class='ocr_par' dir='ltr' id='par_1_2' title="bbox 336 709 1299 906">
     <span class='ocr_line' id='line_1_2' title="bbox 336 709 1299 796; baseline -0.006 -16"><span class='ocrx_word' id='word_1_4' title='bbox 336 715 470 780; x_wconf 93' lang='lat' dir='ltr'>Primus</span> <span class='ocrx_word' id='word_1_5' title='bbox 493 720 577 780; x_wconf 83' lang='lat' dir='ltr'>eret.</span> <span class='ocrx_word' id='word_1_6' title='bbox 601 713 741 778; x_wconf 91' lang='lat' dir='ltr'>Maurae</span> <span class='ocrx_word' id='word_1_7' title='bbox 765 713 908 776; x_wconf 91' lang='lat' dir='ltr'>subeunt</span> <span class='ocrx_word' id='word_1_8' title='bbox 930 717 1002 796; x_wconf 90' lang='lat' dir='ltr'>post</span> <span class='ocrx_word' id='word_1_9' title='bbox 1025 709 1157 794; x_wconf 80' lang='lat' dir='ltr'>agmina</span> <span class='ocrx_word' id='word_1_10' title='bbox 1181 709 1299 794; x_wconf 85' lang='lat' dir='ltr'>gentis,</span> 
     </span>
     <span class='ocr_line' id='line_1_3' title="bbox 336 804 1296 906; baseline -0.006 -18"><span class='ocrx_word' id='word_1_11' title='bbox 336 804 574 906; x_wconf 84' lang='lat' dir='ltr'>Gallorumque</span> <span class='ocrx_word' id='word_1_12' title='bbox 597 841 725 885; x_wconf 78' lang='lat' dir='ltr'>manus,</span> <span class='ocrx_word' id='word_1_13' title='bbox 753 820 852 885; x_wconf 91' lang='lat' dir='ltr'>ltalus</span> <span class='ocrx_word' id='word_1_14' title='bbox 876 838 1017 903; x_wconf 90' lang='lat' dir='ltr'>namque</span> <span class='ocrx_word' id='word_1_15' title='bbox 1041 817 1157 883; x_wconf 90' lang='lat' dir='ltr'>ordine</span> <span class='ocrx_word' id='word_1_16' title='bbox 1181 817 1215 880; x_wconf 93' lang='lat' dir='ltr'>in</span> <span class='ocrx_word' id='word_1_17' title='bbox 1238 817 1296 882; x_wconf 94' lang='lat' dir='ltr'>illo</span> 
     </span>
    </p>

    <p class='ocr_par' dir='ltr' id='par_1_3' title="bbox 119 926 1204 1014">
     <span class='ocr_line' id='line_1_4' title="bbox 119 926 1204 1014; baseline -0.007 -17"><span class='ocrx_word' id='word_1_18' title='bbox 119 990 134 997; x_wconf 86' lang='lat'>..</span> <span class='ocrx_word' id='word_1_19' title='bbox 246 930 313 995; x_wconf 85' lang='lat'>360</span> <span class='ocrx_word' id='word_1_20' title='bbox 336 930 441 994; x_wconf 91' lang='lat' dir='ltr'>Nemo</span> <span class='ocrx_word' id='word_1_21' title='bbox 463 928 538 1004; x_wconf 85' lang='lat' dir='ltr'>fuit;</span> <span class='ocrx_word' id='word_1_22' title='bbox 564 928 662 1014; x_wconf 89' lang='lat' dir='ltr'>digna</span> <span class='ocrx_word' id='word_1_23' title='bbox 686 927 823 993; x_wconf 84' lang='lat' dir='ltr'>meritos</span> <span class='ocrx_word' id='word_1_24' title='bbox 848 926 1068 992; x_wconf 78' lang='lat' dir='ltr'>mulctaverat</span> <span class='ocrx_word' id='word_1_25' title='bbox 1090 945 1204 990; x_wconf 90' lang='lat' dir='ltr'>omnes</span> 
     </span>
    </p>

    <p class='ocr_par' dir='ltr' id='par_1_4' title="bbox 107 1032 1284 1332">
     <span class='ocr_line' id='line_1_5' title="bbox 107 1032 1279 1119; baseline -0.004 -16"><span class='ocrx_word' id='word_1_26' title='bbox 107 1032 111 1041; x_wconf 80' lang='grc'><strong>“</strong></span> <span class='ocrx_word' id='word_1_27' title='bbox 335 1037 443 1102; x_wconf 91' lang='lat' dir='ltr'>Morte</span> <span class='ocrx_word' id='word_1_28' title='bbox 467 1035 573 1117; x_wconf 90' lang='lat' dir='ltr'>simul,</span> <span class='ocrx_word' id='word_1_29' title='bbox 598 1041 777 1119; x_wconf 74' lang='lat' dir='ltr'>terraeque</span> <span class='ocrx_word' id='word_1_30' title='bbox 801 1035 912 1100; x_wconf 88' lang='lat' dir='ltr'>hostes</span> <span class='ocrx_word' id='word_1_31' title='bbox 935 1032 1152 1098; x_wconf 88' lang='lat' dir='ltr'>mandaverat</span> <span class='ocrx_word' id='word_1_32' title='bbox 1173 1033 1279 1098; x_wconf 84' lang='lat' dir='ltr'>Afrae</span> 
     </span>
     <span class='ocr_line' id='line_1_6' title="bbox 336 1139 1172 1229; baseline -0.007 -21"><span class='ocrx_word' id='word_1_33' title='bbox 336 1142 489 1229; x_wconf 89' lang='lat' dir='ltr'>Indignos</span> <span class='ocrx_word' id='word_1_34' title='bbox 513 1143 641 1228; x_wconf 78' lang='lat' dir='ltr'>patriae</span> <span class='ocrx_word' id='word_1_35' title='bbox 664 1148 798 1227; x_wconf 90' lang='lat' dir='ltr'>aspectu</span> <span class='ocrx_word' id='word_1_36' title='bbox 823 1146 856 1207; x_wconf 91' lang='lat' dir='ltr'>et</span> <span class='ocrx_word' id='word_1_37' title='bbox 878 1141 997 1206; x_wconf 89' lang='lat' dir='ltr'>tellure</span> <span class='ocrx_word' id='word_1_38' title='bbox 1018 1139 1172 1225; x_wconf 82' lang='lat' dir='ltr'>sepulcri.</span> 
     </span>
     <span class='ocr_line' id='line_1_7' title="bbox 336 1246 1284 1332; baseline -0.004 -18"><span class='ocrx_word' id='word_1_39' title='bbox 336 1251 423 1315; x_wconf 83' lang='lat' dir='ltr'>Ante</span> <span class='ocrx_word' id='word_1_40' title='bbox 447 1250 531 1314; x_wconf 91' lang='lat' dir='ltr'>ebur</span> <span class='ocrx_word' id='word_1_41' title='bbox 555 1255 587 1314; x_wconf 90' lang='lat' dir='ltr'>et</span> <span class='ocrx_word' id='word_1_42' title='bbox 611 1247 742 1313; x_wconf 88' lang='lat' dir='ltr'>radians</span> <span class='ocrx_word' id='word_1_43' title='bbox 765 1268 884 1312; x_wconf 88' lang='lat' dir='ltr'>aurum</span> <span class='ocrx_word' id='word_1_44' title='bbox 910 1252 943 1313; x_wconf 91' lang='lat' dir='ltr'>et</span> <span class='ocrx_word' id='word_1_45' title='bbox 966 1246 1108 1332; x_wconf 90' lang='lat' dir='ltr'>pretiosa</span> <span class='ocrx_word' id='word_1_46' title='bbox 1133 1246 1284 1331; x_wconf 81' lang='lat' dir='ltr'>supellex</span> 
     </span>
    </p>

    <p class='ocr_par' dir='ltr' id='par_1_5' title="bbox 109 1354 1203 1445">
     <span class='ocr_line' id='line_1_8' title="bbox 109 1354 1203 1445; baseline -0.005 -23"><span class='ocrx_word' id='word_1_47' title='bbox 109 1440 112 1445; x_wconf 19' lang='grc' dir='ltr'>Ι</span> <span class='ocrx_word' id='word_1_48' title='bbox 335 1357 378 1423; x_wconf 83' lang='lat' dir='ltr'>Et</span> <span class='ocrx_word' id='word_1_49' title='bbox 400 1363 510 1422; x_wconf 87' lang='lat' dir='ltr'>vestes</span> <span class='ocrx_word' id='word_1_50' title='bbox 533 1363 623 1422; x_wconf 90' lang='lat' dir='ltr'>ostro</span> <span class='ocrx_word' id='word_1_51' title='bbox 647 1355 792 1439; x_wconf 90' lang='lat' dir='ltr'>insignes</span> <span class='ocrx_word' id='word_1_52' title='bbox 817 1354 1011 1440; x_wconf 88' lang='lat' dir='ltr'>penitusque</span> <span class='ocrx_word' id='word_1_53' title='bbox 1035 1359 1203 1439; x_wconf 84' lang='lat' dir='ltr'>potentum</span> 
     </span>
    </p>

    <p class='ocr_par' dir='ltr' id='par_1_6' title="bbox 107 1454 1170 1549">
     <span class='ocr_line' id='line_1_9' title="bbox 165 1454 1170 1547; baseline -0.003 -18.164"><span class='ocrx_word' id='word_1_54' title='bbox 165 1454 169 1462; x_wconf 50' lang='lat'><strong>⁴</strong></span> <span class='ocrx_word' id='word_1_55' title='bbox 247 1462 313 1529; x_wconf 84' lang='lat'>365</span> <span class='ocrx_word' id='word_1_56' title='bbox 336 1463 474 1530; x_wconf 90' lang='lat' dir='ltr'>Divitiae</span> <span class='ocrx_word' id='word_1_57' title='bbox 498 1482 615 1546; x_wconf 87' lang='lat' dir='ltr'>regum</span> <span class='ocrx_word' id='word_1_58' title='bbox 640 1482 756 1547; x_wconf 90' lang='lat' dir='ltr'>pompa</span> <span class='ocrx_word' id='word_1_59' title='bbox 781 1462 971 1528; x_wconf 84' lang='lat' dir='ltr'>celebrante</span> <span class='ocrx_word' id='word_1_60' title='bbox 992 1462 1170 1527; x_wconf 86' lang='lat' dir='ltr'>vehuntur.</span> 
     </span>
    </p>

    <p class='ocr_par' dir='ltr' id='par_1_7' title="bbox 109 1568 1343 1868">
     <span class='ocr_line' id='line_1_10' title="bbox 109 1568 1343 1658; baseline -0.002 -22"><span class='ocrx_word' id='word_1_61' title='bbox 109 1580 114 1587; x_wconf 88' lang='lat'>&#39;</span> <span class='ocrx_word' id='word_1_62' title='bbox 336 1571 415 1637; x_wconf 89' lang='lat' dir='ltr'>lnde</span> <span class='ocrx_word' id='word_1_63' title='bbox 439 1590 561 1656; x_wconf 90' lang='lat' dir='ltr'>graves</span> <span class='ocrx_word' id='word_1_64' title='bbox 585 1569 681 1655; x_wconf 82' lang='lat' dir='ltr'>clipei</span> <span class='ocrx_word' id='word_1_65' title='bbox 704 1575 942 1654; x_wconf 87' lang='lat' dir='ltr'>praereptaque</span> <span class='ocrx_word' id='word_1_66' title='bbox 965 1568 1106 1634; x_wconf 87' lang='lat' dir='ltr'>fortibus</span> <span class='ocrx_word' id='word_1_67' title='bbox 1121 1588 1215 1634; x_wconf 87' lang='lat' dir='ltr'>arma</span> <span class='ocrx_word' id='word_1_68' title='bbox 1341 1655 1343 1658; x_wconf 13' lang='grc' dir='ltr'><strong><em>ι</em></strong></span> 
     </span>
     <span class='ocr_line' id='line_1_11' title="bbox 336 1677 1329 1764; baseline -0.001 -21"><span class='ocrx_word' id='word_1_69' title='bbox 336 1678 501 1764; x_wconf 86' lang='lat' dir='ltr'>Signaque</span> <span class='ocrx_word' id='word_1_70' title='bbox 525 1682 558 1743; x_wconf 88' lang='lat' dir='ltr'>et</span> <span class='ocrx_word' id='word_1_71' title='bbox 580 1678 757 1743; x_wconf 86' lang='lat' dir='ltr'>horrentes</span> <span class='ocrx_word' id='word_1_72' title='bbox 781 1677 897 1761; x_wconf 86' lang='lat' dir='ltr'>galeae</span> <span class='ocrx_word' id='word_1_73' title='bbox 921 1677 1106 1760; x_wconf 85' lang='lat' dir='ltr'>cristaeque</span> <span class='ocrx_word' id='word_1_74' title='bbox 1130 1682 1329 1753; x_wconf 80' lang='lat' dir='ltr'>trementes3</span> 
     </span>
     <span class='ocr_line' id='line_1_12' title="bbox 335 1782 1262 1868; baseline 0 -20"><span class='ocrx_word' id='word_1_75' title='bbox 335 1786 415 1850; x_wconf 85' lang='lat' dir='ltr'>Post</span> <span class='ocrx_word' id='word_1_76' title='bbox 437 1784 548 1849; x_wconf 88' lang='lat' dir='ltr'>tristes</span> <span class='ocrx_word' id='word_1_77' title='bbox 572 1783 737 1848; x_wconf 88' lang='lat' dir='ltr'>ducuntur</span> <span class='ocrx_word' id='word_1_78' title='bbox 762 1783 848 1867; x_wconf 88' lang='lat' dir='ltr'>equi,</span> <span class='ocrx_word' id='word_1_79' title='bbox 875 1782 1052 1867; x_wconf 84' lang='lat' dir='ltr'>domitique</span> <span class='ocrx_word' id='word_1_80' title='bbox 1068 1783 1262 1868; x_wconf 86' lang='lat' dir='ltr'>elephantes</span> 
     </span>
    </p>

    <p class='ocr_par' dir='ltr' id='par_1_8' title="bbox 106 1889 1112 1979">
     <span class='ocr_line' id='line_1_13' title="bbox 106 1889 1112 1979; baseline -0.003 -23"><span class='ocrx_word' id='word_1_81' title='bbox 106 1972 108 1979; x_wconf 28' lang='grc' dir='ltr'>Ι</span> <span class='ocrx_word' id='word_1_82' title='bbox 335 1891 480 1957; x_wconf 83' lang='lat' dir='ltr'>Demisse</span> <span class='ocrx_word' id='word_1_83' title='bbox 505 1889 637 1956; x_wconf 89' lang='lat' dir='ltr'>cervice</span> <span class='ocrx_word' id='word_1_84' title='bbox 661 1910 796 1975; x_wconf 89' lang='lat' dir='ltr'>graves;</span> <span class='ocrx_word' id='word_1_85' title='bbox 823 1890 963 1975; x_wconf 89' lang='lat' dir='ltr'>puerilia</span> <span class='ocrx_word' id='word_1_86' title='bbox 986 1889 1112 1955; x_wconf 89' lang='lat' dir='ltr'>circum</span> 
     </span>
    </p>

    <p class='ocr_par' dir='ltr' id='par_1_9' title="bbox 107 1982 1248 2510">
     <span class='ocr_line' id='line_1_14' title="bbox 107 1982 1238 2085; baseline -0.002 -22"><span class='ocrx_word' id='word_1_87' title='bbox 107 1982 134 2085; x_wconf 67' lang='grc' dir='ltr'>ςξ,</span> <span class='ocrx_word' id='word_1_88' title='bbox 248 1999 314 2063; x_wconf 86' lang='lat'>370</span> <span class='ocrx_word' id='word_1_89' title='bbox 338 1998 439 2062; x_wconf 71' lang='lat' dir='ltr'>niiua</span> <span class='ocrx_word' id='word_1_90' title='bbox 464 1997 657 2078; x_wconf 65' lang='lat' dir='ltr'>funduntur,</span> <span class='ocrx_word' id='word_1_91' title='bbox 681 1997 779 2063; x_wconf 82' lang='lat' dir='ltr'>turba</span> <span class='ocrx_word' id='word_1_92' title='bbox 803 1996 962 2082; x_wconf 79' lang='lat' dir='ltr'>obstrepit</span> <span class='ocrx_word' id='word_1_93' title='bbox 984 1995 1087 2061; x_wconf 77' lang='lat' dir='ltr'>nsua</span> <span class='ocrx_word' id='word_1_94' title='bbox 1112 1998 1238 2074; x_wconf 68' lang='lat' dir='ltr'>rorum,</span> 
     </span>
     <span class='ocr_line' id='line_1_15' title="bbox 336 2103 1206 2188; baseline -0.001 -19"><span class='ocrx_word' id='word_1_95' title='bbox 336 2105 452 2170; x_wconf 92' lang='lat' dir='ltr'>Bellua</span> <span class='ocrx_word' id='word_1_96' title='bbox 475 2104 649 2169; x_wconf 90' lang='lat' dir='ltr'>barbarico</span> <span class='ocrx_word' id='word_1_97' title='bbox 673 2103 757 2188; x_wconf 94' lang='lat' dir='ltr'>quod</span> <span class='ocrx_word' id='word_1_98' title='bbox 782 2108 872 2169; x_wconf 87' lang='lat' dir='ltr'>tanta</span> <span class='ocrx_word' id='word_1_99' title='bbox 896 2103 1029 2169; x_wconf 86' lang='lat' dir='ltr'>veniret</span> <span class='ocrx_word' id='word_1_100' title='bbox 1051 2104 1092 2168; x_wconf 89' lang='lat' dir='ltr'>ab</span> <span class='ocrx_word' id='word_1_101' title='bbox 1116 2103 1206 2175; x_wconf 90' lang='lat' dir='ltr'>orbe.</span> 
     </span>
     <span class='ocr_line' id='line_1_16' title="bbox 334 2210 1118 2296; baseline -0.001 -20"><span class='ocrx_word' id='word_1_102' title='bbox 334 2212 419 2277; x_wconf 91' lang='lat' dir='ltr'>Hinc</span> <span class='ocrx_word' id='word_1_103' title='bbox 442 2210 531 2276; x_wconf 93' lang='lat' dir='ltr'>illinc</span> <span class='ocrx_word' id='word_1_104' title='bbox 554 2212 704 2276; x_wconf 90' lang='lat' dir='ltr'>Romana</span> <span class='ocrx_word' id='word_1_105' title='bbox 727 2210 814 2276; x_wconf 88' lang='lat' dir='ltr'>acies</span> <span class='ocrx_word' id='word_1_106' title='bbox 839 2217 952 2296; x_wconf 89' lang='lat' dir='ltr'>erepta</span> <span class='ocrx_word' id='word_1_107' title='bbox 978 2210 1118 2275; x_wconf 85' lang='lat' dir='ltr'>nefando</span> 
     </span>
     <span class='ocr_line' id='line_1_17' title="bbox 336 2317 1248 2403; baseline -0.003 -18"><span class='ocrx_word' id='word_1_108' title='bbox 336 2317 479 2385; x_wconf 88' lang='lat' dir='ltr'>Servitio</span> <span class='ocrx_word' id='word_1_109' title='bbox 502 2319 690 2402; x_wconf 89' lang='lat' dir='ltr'>laetumque</span> <span class='ocrx_word' id='word_1_110' title='bbox 714 2337 836 2383; x_wconf 91' lang='lat' dir='ltr'>canens</span> <span class='ocrx_word' id='word_1_111' title='bbox 863 2337 906 2384; x_wconf 82' lang='lat' dir='ltr'>ex</span> <span class='ocrx_word' id='word_1_112' title='bbox 930 2338 1023 2383; x_wconf 92' lang='lat' dir='ltr'>more</span> <span class='ocrx_word' id='word_1_113' title='bbox 1046 2317 1248 2403; x_wconf 90' lang='lat' dir='ltr'>triumphum</span> 
     </span>
     <span class='ocr_line' id='line_1_18' title="bbox 336 2424 1206 2510; baseline -0.002 -18"><span class='ocrx_word' id='word_1_114' title='bbox 336 2425 564 2492; x_wconf 88' lang='lat' dir='ltr'>Concelebrat.</span> <span class='ocrx_word' id='word_1_115' title='bbox 588 2425 764 2510; x_wconf 88' lang='lat' dir='ltr'>Nequeunt</span> <span class='ocrx_word' id='word_1_116' title='bbox 787 2424 899 2490; x_wconf 92' lang='lat' dir='ltr'>oculos</span> <span class='ocrx_word' id='word_1_117' title='bbox 922 2424 1044 2490; x_wconf 90' lang='lat' dir='ltr'>satiare</span> <span class='ocrx_word' id='word_1_118' title='bbox 1067 2424 1206 2490; x_wconf 91' lang='lat' dir='ltr'>videndo</span> 
     </span>
    </p>

    <p class='ocr_par' dir='ltr' id='par_1_10' title="bbox 250 2530 1121 2617">
     <span class='ocr_line' id='line_1_19' title="bbox 250 2530 1121 2617; baseline -0.002 -19"><span class='ocrx_word' id='word_1_119' title='bbox 250 2532 316 2599; x_wconf 84' lang='lat'>375</span> <span class='ocrx_word' id='word_1_120' title='bbox 339 2534 520 2599; x_wconf 89' lang='lat' dir='ltr'>Servatore</span> <span class='ocrx_word' id='word_1_121' title='bbox 543 2552 616 2597; x_wconf 91' lang='lat' dir='ltr'>suo:</span> <span class='ocrx_word' id='word_1_122' title='bbox 642 2532 730 2617; x_wconf 88' lang='lat' dir='ltr'>prior</span> <span class='ocrx_word' id='word_1_123' title='bbox 752 2532 778 2598; x_wconf 90' lang='lat' dir='ltr'>it</span> <span class='ocrx_word' id='word_1_124' title='bbox 801 2530 977 2598; x_wconf 87' lang='lat' dir='ltr'>Terentius</span> <span class='ocrx_word' id='word_1_125' title='bbox 1000 2533 1121 2597; x_wconf 93' lang='lat' dir='ltr'>horum</span> 
     </span>
    </p>

    <p class='ocr_par' dir='ltr' id='par_1_11' title="bbox 337 2638 1237 2939">
     <span class='ocr_line' id='line_1_20' title="bbox 337 2638 1180 2720; baseline -0.002 -14"><span class='ocrx_word' id='word_1_126' title='bbox 337 2639 462 2720; x_wconf 87' lang='lat' dir='ltr'>Culleo,</span> <span class='ocrx_word' id='word_1_127' title='bbox 486 2638 539 2702; x_wconf 93' lang='lat' dir='ltr'>vir</span> <span class='ocrx_word' id='word_1_128' title='bbox 563 2639 683 2720; x_wconf 65' lang='lat' dir='ltr'>clarus</span> <span class='ocrx_word' id='word_1_129' title='bbox 708 2638 800 2706; x_wconf 88' lang='lat' dir='ltr'>Latia</span> <span class='ocrx_word' id='word_1_130' title='bbox 824 2646 902 2704; x_wconf 86' lang='lat' dir='ltr'>tunc</span> <span class='ocrx_word' id='word_1_131' title='bbox 925 2639 1008 2703; x_wconf 90' lang='lat' dir='ltr'>urbe</span> <span class='ocrx_word' id='word_1_132' title='bbox 1032 2643 1180 2715; x_wconf 89' lang='lat' dir='ltr'>senator;</span> 
     </span>
     <span class='ocr_line' id='line_1_21' title="bbox 337 2745 1194 2830; baseline -0.001 -20"><span class='ocrx_word' id='word_1_133' title='bbox 337 2746 490 2812; x_wconf 85' lang='lat' dir='ltr'>Libertus</span> <span class='ocrx_word' id='word_1_134' title='bbox 514 2745 615 2826; x_wconf 86' lang='lat' dir='ltr'>velut,</span> <span class='ocrx_word' id='word_1_135' title='bbox 639 2745 832 2811; x_wconf 90' lang='lat' dir='ltr'>biccarum</span> <span class='ocrx_word' id='word_1_136' title='bbox 856 2746 994 2811; x_wconf 89' lang='lat' dir='ltr'>coluisse</span> <span class='ocrx_word' id='word_1_137' title='bbox 1019 2751 1194 2830; x_wconf 88' lang='lat' dir='ltr'>patronum</span> 
     </span>
     <span class='ocr_line' id='line_1_22' title="bbox 337 2851 1237 2939; baseline 0.001 -20"><span class='ocrx_word' id='word_1_138' title='bbox 337 2852 522 2939; x_wconf 87' lang='lat' dir='ltr'>Scipiadam</span> <span class='ocrx_word' id='word_1_139' title='bbox 546 2852 655 2919; x_wconf 83' lang='lat' dir='ltr'>fertur</span> <span class='ocrx_word' id='word_1_140' title='bbox 678 2853 781 2920; x_wconf 90' lang='lat' dir='ltr'>vitam</span> <span class='ocrx_word' id='word_1_141' title='bbox 804 2853 1017 2939; x_wconf 85' lang='lat' dir='ltr'>obsequiosus</span> <span class='ocrx_word' id='word_1_142' title='bbox 1040 2851 1073 2917; x_wconf 93' lang='lat' dir='ltr'>in</span> <span class='ocrx_word' id='word_1_143' title='bbox 1097 2872 1237 2920; x_wconf 88' lang='lat' dir='ltr'>omnem.</span> 
     </span>
    </p>

    <p class='ocr_par' dir='ltr' id='par_1_12' title="bbox 107 2959 1097 3056">
     <span class='ocr_line' id='line_1_23' title="bbox 107 2959 1097 3056; baseline 0 -31"><span class='ocrx_word' id='word_1_144' title='bbox 107 3029 122 3056; x_wconf 36' lang='grc' dir='ltr'>Ι,</span> <span class='ocrx_word' id='word_1_145' title='bbox 337 2959 477 3026; x_wconf 92' lang='lat' dir='ltr'>Ultimus</span> <span class='ocrx_word' id='word_1_146' title='bbox 500 2960 525 3026; x_wconf 94' lang='lat' dir='ltr'>it</span> <span class='ocrx_word' id='word_1_147' title='bbox 548 2959 654 3025; x_wconf 88' lang='lat' dir='ltr'>victor</span> <span class='ocrx_word' id='word_1_148' title='bbox 678 2959 778 3026; x_wconf 89' lang='lat' dir='ltr'>Latiis</span> <span class='ocrx_word' id='word_1_149' title='bbox 803 2960 971 3026; x_wconf 83' lang='lat' dir='ltr'>exercitus</span> <span class='ocrx_word' id='word_1_150' title='bbox 995 2959 1097 3026; x_wconf 88' lang='lat' dir='ltr'>armis</span> 
     </span>
    </p>

    <p class='ocr_par' dir='ltr' id='par_1_13' title="bbox 106 3066 1336 3162">
     <span class='ocr_line' id='line_1_24' title="bbox 248 3066 1336 3152; baseline 0.006 -21.192"><span class='ocrx_word' id='word_1_151' title='bbox 248 3067 314 3132; x_wconf 88' lang='grc'>380</span> <span class='ocrx_word' id='word_1_152' title='bbox 337 3068 446 3152; x_wconf 82' lang='lat' dir='ltr'>Atque</span> <span class='ocrx_word' id='word_1_153' title='bbox 469 3066 614 3152; x_wconf 86' lang='lat' dir='ltr'>equitum</span> <span class='ocrx_word' id='word_1_154' title='bbox 639 3066 849 3152; x_wconf 88' lang='lat' dir='ltr'>peditumque</span> <span class='ocrx_word' id='word_1_155' title='bbox 872 3068 969 3150; x_wconf 82' lang='lat' dir='ltr'>acies,</span> <span class='ocrx_word' id='word_1_156' title='bbox 993 3068 1085 3134; x_wconf 93' lang='lat' dir='ltr'>velut</span> <span class='ocrx_word' id='word_1_157' title='bbox 1108 3069 1225 3134; x_wconf 88' lang='lat' dir='ltr'>obvius</span> <span class='ocrx_word' id='word_1_158' title='bbox 1249 3076 1336 3137; x_wconf 88' lang='lat' dir='ltr'>esset</span> 
     </span>
    </p>

    <p class='ocr_par' dir='ltr' id='par_1_14' title="bbox 106 3163 1260 3473">
     <span class='ocr_line' id='line_1_25' title="bbox 106 3163 1152 3259; baseline 0.001 -21"><span class='ocrx_word' id='word_1_159' title='bbox 106 3163 129 3188; x_wconf 39' lang='lat'>&#39;¹</span> <span class='ocrx_word' id='word_1_160' title='bbox 335 3174 500 3238; x_wconf 89' lang='lat' dir='ltr'>Hannibal</span> <span class='ocrx_word' id='word_1_161' title='bbox 523 3173 556 3237; x_wconf 92' lang='lat' dir='ltr'>in</span> <span class='ocrx_word' id='word_1_162' title='bbox 580 3172 685 3259; x_wconf 90' lang='lat' dir='ltr'>primo</span> <span class='ocrx_word' id='word_1_163' title='bbox 708 3180 868 3239; x_wconf 86' lang='lat' dir='ltr'>venturus</span> <span class='ocrx_word' id='word_1_164' title='bbox 893 3174 1003 3240; x_wconf 90' lang='lat' dir='ltr'>limine</span> <span class='ocrx_word' id='word_1_165' title='bbox 1027 3181 1152 3240; x_wconf 88' lang='lat' dir='ltr'>contra.</span> 
     </span>
     <span class='ocr_line' id='line_1_26' title="bbox 337 3279 1234 3350; baseline 0.008 -7"><span class='ocrx_word' id='word_1_166' title='bbox 337 3281 421 3344; x_wconf 91' lang='lat' dir='ltr'>Tum</span> <span class='ocrx_word' id='word_1_167' title='bbox 445 3280 544 3346; x_wconf 87' lang='lat' dir='ltr'>tubae</span> <span class='ocrx_word' id='word_1_168' title='bbox 568 3285 601 3346; x_wconf 88' lang='lat' dir='ltr'>et</span> <span class='ocrx_word' id='word_1_169' title='bbox 624 3279 807 3345; x_wconf 87' lang='lat' dir='ltr'>horrisonis</span> <span class='ocrx_word' id='word_1_170' title='bbox 831 3280 980 3346; x_wconf 89' lang='lat' dir='ltr'>victricia</span> <span class='ocrx_word' id='word_1_171' title='bbox 1006 3281 1142 3347; x_wconf 87' lang='lat' dir='ltr'>classica</span> <span class='ocrx_word' id='word_1_172' title='bbox 1166 3281 1234 3350; x_wconf 63' lang='lat' dir='ltr'>late,</span> 
     </span>
     <span class='ocr_line' id='line_1_27' title="bbox 335 3387 1260 3473; baseline 0.008 -23"><span class='ocrx_word' id='word_1_173' title='bbox 335 3388 580 3472; x_wconf 88' lang='lat' dir='ltr'>Perstrepnere</span> <span class='ocrx_word' id='word_1_174' title='bbox 603 3387 720 3464; x_wconf 86' lang='lat' dir='ltr'>modis;</span> <span class='ocrx_word' id='word_1_175' title='bbox 744 3393 954 3454; x_wconf 88' lang='lat' dir='ltr'>tremuerunt</span> <span class='ocrx_word' id='word_1_176' title='bbox 980 3388 1119 3453; x_wconf 90' lang='lat' dir='ltr'>Tibridis</span> <span class='ocrx_word' id='word_1_177' title='bbox 1143 3390 1260 3473; x_wconf 85' lang='lat' dir='ltr'>undae,</span> 
     </span>
    </p>

    <p class='ocr_par' dir='ltr' id='par_1_15' title="bbox 106 3494 1396 3580">
     <span class='ocr_line' id='line_1_28' title="bbox 106 3494 1396 3580; baseline 0.007 -24"><span class='ocrx_word' id='word_1_178' title='bbox 106 3559 112 3572; x_wconf 23' lang='lat'>¹,</span> <span class='ocrx_word' id='word_1_179' title='bbox 335 3495 385 3559; x_wconf 91' lang='lat' dir='ltr'>Ac</span> <span class='ocrx_word' id='word_1_180' title='bbox 408 3494 534 3559; x_wconf 89' lang='lat' dir='ltr'>circum</span> <span class='ocrx_word' id='word_1_181' title='bbox 557 3499 656 3579; x_wconf 87' lang='lat' dir='ltr'>pavet</span> <span class='ocrx_word' id='word_1_182' title='bbox 679 3514 776 3560; x_wconf 89' lang='lat' dir='ltr'>omne</span> <span class='ocrx_word' id='word_1_183' title='bbox 800 3515 927 3578; x_wconf 67' lang='lat' dir='ltr'>nemus²</span> <span class='ocrx_word' id='word_1_184' title='bbox 951 3496 1066 3580; x_wconf 88' lang='lat' dir='ltr'>fragor</span> <span class='ocrx_word' id='word_1_185' title='bbox 1093 3497 1249 3563; x_wconf 90' lang='lat' dir='ltr'>horridus</span> <span class='ocrx_word' id='word_1_186' title='bbox 1275 3500 1396 3565; x_wconf 86' lang='lat' dir='ltr'>Albam</span> 
     </span>
    </p>

    <p class='ocr_par' dir='ltr' id='par_1_16' title="bbox 106 3591 1306 4009">
     <span class='ocr_line' id='line_1_29' title="bbox 106 3591 1306 3690; baseline 0.006 -25"><span class='ocrx_word' id='word_1_187' title='bbox 106 3591 120 3666; x_wconf 77' lang='lat'>⁷.-</span> <span class='ocrx_word' id='word_1_188' title='bbox 162 3683 165 3690; x_wconf 13' lang='grc' dir='ltr'><strong><em>ἢ</em></strong></span> <span class='ocrx_word' id='word_1_189' title='bbox 247 3600 314 3666; x_wconf 89' lang='grc'>385</span> <span class='ocrx_word' id='word_1_190' title='bbox 336 3600 632 3687; x_wconf 79' lang='lat' dir='ltr'>Argolicumque¹¹³</span> <span class='ocrx_word' id='word_1_191' title='bbox 649 3602 754 3686; x_wconf 87' lang='lat' dir='ltr'>quatit</span> <span class='ocrx_word' id='word_1_192' title='bbox 776 3603 876 3667; x_wconf 90' lang='lat' dir='ltr'>Tibur</span> <span class='ocrx_word' id='word_1_193' title='bbox 899 3603 1110 3688; x_wconf 88' lang='lat' dir='ltr'>gelidumque</span> <span class='ocrx_word' id='word_1_194' title='bbox 1133 3604 1306 3671; x_wconf 75' lang='lat' dir='ltr'>Soracte¹¹⁴</span> 
     </span>
     <span class='ocr_line' id='line_1_30' title="bbox 335 3708 1118 3793; baseline 0.003 -20"><span class='ocrx_word' id='word_1_195' title='bbox 335 3710 377 3775; x_wconf 87' lang='lat' dir='ltr'>Et</span> <span class='ocrx_word' id='word_1_196' title='bbox 401 3708 627 3775; x_wconf 88' lang='lat' dir='ltr'>Praenestinis</span> <span class='ocrx_word' id='word_1_197' title='bbox 650 3708 774 3793; x_wconf 88' lang='lat' dir='ltr'>rigidas</span> <span class='ocrx_word' id='word_1_198' title='bbox 797 3710 831 3774; x_wconf 92' lang='lat' dir='ltr'>in</span> <span class='ocrx_word' id='word_1_199' title='bbox 856 3710 992 3776; x_wconf 91' lang='lat' dir='ltr'>collibus</span> <span class='ocrx_word' id='word_1_200' title='bbox 1016 3731 1118 3776; x_wconf 77' lang='lat' dir='ltr'>arces,</span> 
     </span>
     <span class='ocr_line' id='line_1_31' title="bbox 336 3816 1296 3904; baseline 0 -21"><span class='ocrx_word' id='word_1_201' title='bbox 336 3817 390 3883; x_wconf 90' lang='lat' dir='ltr'>Sic</span> <span class='ocrx_word' id='word_1_202' title='bbox 413 3817 547 3883; x_wconf 88' lang='lat' dir='ltr'>tandem</span> <span class='ocrx_word' id='word_1_203' title='bbox 570 3816 698 3882; x_wconf 90' lang='lat' dir='ltr'>insueto</span> <span class='ocrx_word' id='word_1_204' title='bbox 722 3816 881 3902; x_wconf 89' lang='lat' dir='ltr'>Capitolia</span> <span class='ocrx_word' id='word_1_205' title='bbox 905 3819 992 3883; x_wconf 88' lang='lat' dir='ltr'>celsa</span> <span class='ocrx_word' id='word_1_206' title='bbox 1015 3818 1183 3904; x_wconf 90' lang='lat' dir='ltr'>triumpho</span> <span class='ocrx_word' id='word_1_207' title='bbox 1292 3848 1296 3853; x_wconf 82' lang='lat'><em>-</em></span> 
     </span>
     <span class='ocr_line' id='line_1_32' title="bbox 337 3923 1147 4009; baseline 0.001 -21"><span class='ocrx_word' id='word_1_208' title='bbox 337 3923 526 4007; x_wconf 84' lang='lat' dir='ltr'>Ingreditur</span> <span class='ocrx_word' id='word_1_209' title='bbox 550 3930 727 4009; x_wconf 85' lang='lat' dir='ltr'>gratesque</span> <span class='ocrx_word' id='word_1_210' title='bbox 751 3923 819 3989; x_wconf 85' lang='lat' dir='ltr'>deis</span> <span class='ocrx_word' id='word_1_211' title='bbox 844 3924 1002 4009; x_wconf 83' lang='lat' dir='ltr'>persolvit</span> <span class='ocrx_word' id='word_1_212' title='bbox 1025 3924 1147 4006; x_wconf 87' lang='lat' dir='ltr'>amicis,</span> 
     </span>
    </p>

    <p class='ocr_par' dir='ltr' id='par_1_17' title="bbox 106 4031 1275 4122">
     <span class='ocr_line' id='line_1_33' title="bbox 106 4031 1275 4122; baseline 0.004 -28"><span class='ocrx_word' id='word_1_213' title='bbox 106 4117 108 4122; x_wconf 23' lang='grc' dir='ltr'>Ι</span> <span class='ocrx_word' id='word_1_214' title='bbox 335 4031 599 4114; x_wconf 88' lang='lat' dir='ltr'>Immensumque</span> <span class='ocrx_word' id='word_1_215' title='bbox 624 4031 696 4095; x_wconf 84' lang='lat' dir='ltr'>auri</span> <span class='ocrx_word' id='word_1_216' title='bbox 720 4037 866 4097; x_wconf 87' lang='lat' dir='ltr'>montem</span> <span class='ocrx_word' id='word_1_217' title='bbox 888 4031 1104 4117; x_wconf 89' lang='lat' dir='ltr'>ingentesque</span> <span class='ocrx_word' id='word_1_218' title='bbox 1127 4033 1275 4100; x_wconf 89' lang='lat' dir='ltr'>recondit</span> 
     </span>
    </p>

    <p class='ocr_par' dir='ltr' id='par_1_18' title="bbox 106 4125 1345 4653">
     <span class='ocr_line' id='line_1_34' title="bbox 106 4125 1260 4225; baseline 0.004 -23"><span class='ocrx_word' id='word_1_219' title='bbox 106 4125 165 4202; x_wconf 39' lang='lat' dir='ltr'>&#39;&#39;s-h</span> <span class='ocrx_word' id='word_1_220' title='bbox 245 4137 312 4203; x_wconf 87' lang='lat'>390</span> <span class='ocrx_word' id='word_1_221' title='bbox 336 4138 524 4202; x_wconf 89' lang='lat' dir='ltr'>Thesauros</span> <span class='ocrx_word' id='word_1_222' title='bbox 548 4138 580 4201; x_wconf 92' lang='lat' dir='ltr'>in</span> <span class='ocrx_word' id='word_1_223' title='bbox 604 4138 724 4223; x_wconf 90' lang='lat' dir='ltr'>templa</span> <span class='ocrx_word' id='word_1_224' title='bbox 749 4139 845 4220; x_wconf 88' lang='lat' dir='ltr'>lovis,</span> <span class='ocrx_word' id='word_1_225' title='bbox 870 4143 1062 4224; x_wconf 89' lang='lat' dir='ltr'>tempusque</span> <span class='ocrx_word' id='word_1_226' title='bbox 1086 4160 1146 4225; x_wconf 87' lang='lat' dir='ltr'>per</span> <span class='ocrx_word' id='word_1_227' title='bbox 1163 4151 1260 4207; x_wconf 88' lang='lat' dir='ltr'>omne</span> 
     </span>
     <span class='ocr_line' id='line_1_35' title="bbox 331 4236 1345 4330; baseline 0.007 -22"><span class='ocrx_word' id='word_1_228' title='bbox 331 4242 454 4310; x_wconf 90' lang='lat' dir='ltr'>Ditavit</span> <span class='ocrx_word' id='word_1_229' title='bbox 476 4242 627 4329; x_wconf 87' lang='lat' dir='ltr'>patriam.</span> <span class='ocrx_word' id='word_1_230' title='bbox 652 4244 717 4310; x_wconf 88' lang='lat' dir='ltr'>Sibi</span> <span class='ocrx_word' id='word_1_231' title='bbox 726 4243 758 4279; x_wconf 76' lang='lat'>¹¹⁵</span> <span class='ocrx_word' id='word_1_232' title='bbox 773 4244 840 4327; x_wconf 88' lang='lat' dir='ltr'>sed,</span> <span class='ocrx_word' id='word_1_233' title='bbox 865 4246 1059 4330; x_wconf 89' lang='lat' dir='ltr'>cognomine</span> <span class='ocrx_word' id='word_1_234' title='bbox 1083 4246 1152 4313; x_wconf 91' lang='lat' dir='ltr'>solo</span> <span class='ocrx_word' id='word_1_235' title='bbox 1256 4319 1259 4324; x_wconf 65' lang='grc'><strong><em>,</em></strong></span> <span class='ocrx_word' id='word_1_236' title='bbox 1342 4236 1345 4240; x_wconf 57' lang='grc'><strong>’</strong></span> 
     </span>
     <span class='ocr_line' id='line_1_36' title="bbox 331 4350 1269 4436; baseline 0.002 -20"><span class='ocrx_word' id='word_1_237' title='bbox 331 4350 522 4433; x_wconf 85' lang='lat' dir='ltr'>Contentus,</span> <span class='ocrx_word' id='word_1_238' title='bbox 546 4350 626 4415; x_wconf 93' lang='lat' dir='ltr'>nihil</span> <span class='ocrx_word' id='word_1_239' title='bbox 649 4350 726 4416; x_wconf 92' lang='lat' dir='ltr'>hinc</span> <span class='ocrx_word' id='word_1_240' title='bbox 748 4350 899 4436; x_wconf 90' lang='lat' dir='ltr'>proprias</span> <span class='ocrx_word' id='word_1_241' title='bbox 923 4350 1049 4417; x_wconf 82' lang='lat' dir='ltr'>invexit</span> <span class='ocrx_word' id='word_1_242' title='bbox 1072 4351 1106 4417; x_wconf 89' lang='lat' dir='ltr'>iu</span> <span class='ocrx_word' id='word_1_243' title='bbox 1130 4352 1243 4420; x_wconf 87' lang='lat' dir='ltr'>aedes:</span> <span class='ocrx_word' id='word_1_244' title='bbox 1266 4355 1269 4359; x_wconf 74' lang='grc'><em>’</em></span> 
     </span>
     <span class='ocr_line' id='line_1_37' title="bbox 333 4458 1311 4547; baseline 0.003 -23"><span class='ocrx_word' id='word_1_245' title='bbox 333 4460 403 4524; x_wconf 91' lang='lat' dir='ltr'>Nec</span> <span class='ocrx_word' id='word_1_246' title='bbox 426 4458 570 4534; x_wconf 90' lang='lat' dir='ltr'>dubium,</span> <span class='ocrx_word' id='word_1_247' title='bbox 595 4458 674 4542; x_wconf 95' lang='lat' dir='ltr'>quin</span> <span class='ocrx_word' id='word_1_248' title='bbox 698 4458 739 4523; x_wconf 89' lang='lat' dir='ltr'>ad</span> <span class='ocrx_word' id='word_1_249' title='bbox 763 4458 909 4543; x_wconf 89' lang='lat' dir='ltr'>reliquos</span> <span class='ocrx_word' id='word_1_250' title='bbox 932 4479 992 4543; x_wconf 90' lang='lat' dir='ltr'>per</span> <span class='ocrx_word' id='word_1_251' title='bbox 1016 4458 1103 4524; x_wconf 88' lang='lat' dir='ltr'>bella</span> <span class='ocrx_word' id='word_1_252' title='bbox 1126 4459 1311 4547; x_wconf 86' lang='lat' dir='ltr'>triumphos</span> 
     </span>
     <span class='ocr_line' id='line_1_38' title="bbox 335 4565 1262 4653; baseline 0 -20"><span class='ocrx_word' id='word_1_253' title='bbox 335 4566 499 4633; x_wconf 87' lang='lat' dir='ltr'>Straverit</span> <span class='ocrx_word' id='word_1_254' title='bbox 522 4584 601 4632; x_wconf 90' lang='lat' dir='ltr'>ense</span> <span class='ocrx_word' id='word_1_255' title='bbox 625 4565 714 4631; x_wconf 87' lang='lat' dir='ltr'>viam</span> <span class='ocrx_word' id='word_1_256' title='bbox 737 4570 837 4653; x_wconf 89' lang='lat' dir='ltr'>atque</span> <span class='ocrx_word' id='word_1_257' title='bbox 860 4565 947 4631; x_wconf 89' lang='lat' dir='ltr'>orbis</span> <span class='ocrx_word' id='word_1_258' title='bbox 972 4566 1166 4651; x_wconf 81' lang='lat' dir='ltr'>patefecerit</span> <span class='ocrx_word' id='word_1_259' title='bbox 1181 4568 1262 4633; x_wconf 87' lang='lat' dir='ltr'>Urbi</span> 
     </span>
    </p>
   </div>
   <div class='ocr_carea' id='block_1_3' title="bbox 0 0 1646 5750">
    <p class='ocr_par' dir='ltr' id='par_1_19' title="bbox 0 0 1646 5750">
     <span class='ocr_line' id='line_1_39' title="bbox 0 0 1646 5750; baseline 0 0"><span class='ocrx_word' id='word_1_260' title='bbox 0 0 1646 5750; x_wconf 95' lang='lat' dir='ltr'> </span> 
     </span>
    </p>
   </div>
  </div>
 </body>
</html>
