<?xml version="1.0" encoding="UTF-8"?>
<!DOCTYPE html PUBLIC "-//W3C//DTD XHTML 1.0 Transitional//EN"
    "http://www.w3.org/TR/xhtml1/DTD/xhtml1-transitional.dtd">
<html xmlns="http://www.w3.org/1999/xhtml" xml:lang="en" lang="en">
 <head>
  <title>
</title>
<meta http-equiv="Content-Type" content="text/html;charset=utf-8" />
  <meta name='ocr-system' content='tesseract 3.04.00' />
  <meta name='ocr-capabilities' content='ocr_page ocr_carea ocr_par ocr_line ocrx_word'/>
</head>
<body>
  <div class='ocr_page' id='page_1' title='image "./operelatineanto00petrgoog_0075.png"; bbox 0 0 3284 5750; ppageno 0'>
   <div class='ocr_carea' id='block_1_1' title="bbox 201 535 1038 602">
    <p class='ocr_par' dir='ltr' id='par_1_1' title="bbox 201 535 1038 602">
     <span class='ocr_line' id='line_1_1' title="bbox 201 535 1038 602; baseline -0.01 0"><span class='ocrx_word' id='word_1_1' title='bbox 201 535 247 602; x_wconf 88' lang='lat'>50</span> <span class='ocrx_word' id='word_1_2' title='bbox 651 550 838 597; x_wconf 78' lang='lat' dir='ltr'>rnanousco</span> <span class='ocrx_word' id='word_1_3' title='bbox 865 548 1038 596; x_wconf 77' lang='lat' dir='ltr'>ruianaca</span> 
     </span>
    </p>
   </div>
   <div class='ocr_carea' id='block_1_2' title="bbox 186 727 1297 4117">
    <p class='ocr_par' dir='ltr' id='par_1_2' title="bbox 284 727 1150 921">
     <span class='ocr_line' id='line_1_2' title="bbox 284 727 1150 813; baseline -0.007 -15"><span class='ocrx_word' id='word_1_4' title='bbox 284 729 422 798; x_wconf 90' lang='lat' dir='ltr'>Viribus</span> <span class='ocrx_word' id='word_1_5' title='bbox 446 732 502 794; x_wconf 90' lang='lat' dir='ltr'>aut</span> <span class='ocrx_word' id='word_1_6' title='bbox 524 727 680 813; x_wconf 74' lang='lat' dir='ltr'>propriis</span> <span class='ocrx_word' id='word_1_7' title='bbox 698 734 753 793; x_wconf 90' lang='lat' dir='ltr'>aut</span> <span class='ocrx_word' id='word_1_8' title='bbox 768 727 903 794; x_wconf 75' lang='lat' dir='ltr'><strong>urbibus</strong></span> <span class='ocrx_word' id='word_1_9' title='bbox 927 734 1011 794; x_wconf 88' lang='lat' dir='ltr'>esset</span> <span class='ocrx_word' id='word_1_10' title='bbox 1026 727 1150 805; x_wconf 89' lang='lat' dir='ltr'>amicis,</span> 
     </span>
     <span class='ocr_line' id='line_1_3' title="bbox 288 834 1139 921; baseline -0.004 -18"><span class='ocrx_word' id='word_1_11' title='bbox 288 836 439 903; x_wconf 77' lang='lat' dir='ltr'>Destituit</span> <span class='ocrx_word' id='word_1_12' title='bbox 462 835 602 921; x_wconf 89' lang='lat' dir='ltr'>patriam</span> <span class='ocrx_word' id='word_1_13' title='bbox 626 834 802 900; x_wconf 90' lang='lat' dir='ltr'>lacrimans</span> <span class='ocrx_word' id='word_1_14' title='bbox 826 855 1001 920; x_wconf 88' lang='lat' dir='ltr'>caramque</span> <span class='ocrx_word' id='word_1_15' title='bbox 1025 835 1139 900; x_wconf 91' lang='lat' dir='ltr'>cubilis</span> 
     </span>
    </p>

    <p class='ocr_par' dir='ltr' id='par_1_3' title="bbox 193 942 1219 1453">
     <span class='ocr_line' id='line_1_4' title="bbox 193 942 1198 1027; baseline -0.001 -18"><span class='ocrx_word' id='word_1_16' title='bbox 193 944 261 1010; x_wconf 85' lang='lat'>505</span> <span class='ocrx_word' id='word_1_17' title='bbox 285 944 493 1018; x_wconf 84' lang='lat' dir='ltr'>Consortem3</span> <span class='ocrx_word' id='word_1_18' title='bbox 518 948 550 1007; x_wconf 91' lang='lat' dir='ltr'>et</span> <span class='ocrx_word' id='word_1_19' title='bbox 573 962 685 1027; x_wconf 90' lang='lat' dir='ltr'>passus</span> <span class='ocrx_word' id='word_1_20' title='bbox 710 948 805 1007; x_wconf 93' lang='lat' dir='ltr'>terra</span> <span class='ocrx_word' id='word_1_21' title='bbox 829 961 986 1026; x_wconf 88' lang='lat' dir='ltr'>casusque</span> <span class='ocrx_word' id='word_1_22' title='bbox 1009 942 1198 1008; x_wconf 87' lang='lat' dir='ltr'>tremendos</span> 
     </span>
     <span class='ocr_line' id='line_1_5' title="bbox 284 1045 1219 1134; baseline -0.002 -19"><span class='ocrx_word' id='word_1_23' title='bbox 284 1050 490 1134; x_wconf 84' lang='lat' dir='ltr'>Erroresque</span> <span class='ocrx_word' id='word_1_24' title='bbox 513 1067 615 1132; x_wconf 84' lang='lat' dir='ltr'>vagos</span> <span class='ocrx_word' id='word_1_25' title='bbox 639 1053 671 1113; x_wconf 88' lang='lat' dir='ltr'>et</span> <span class='ocrx_word' id='word_1_26' title='bbox 695 1047 783 1113; x_wconf 89' lang='lat' dir='ltr'>mille</span> <span class='ocrx_word' id='word_1_27' title='bbox 807 1048 951 1133; x_wconf 89' lang='lat' dir='ltr'>pericula</span> <span class='ocrx_word' id='word_1_28' title='bbox 975 1053 1084 1133; x_wconf 87' lang='lat' dir='ltr'>ponto,</span> <span class='ocrx_word' id='word_1_29' title='bbox 1217 1045 1219 1048; x_wconf 71' lang='grc'>’</span> 
     </span>
     <span class='ocr_line' id='line_1_6' title="bbox 285 1153 1148 1242; baseline 0 -21"><span class='ocrx_word' id='word_1_30' title='bbox 285 1155 430 1242; x_wconf 78' lang='lat' dir='ltr'>Impiger</span> <span class='ocrx_word' id='word_1_31' title='bbox 454 1153 616 1220; x_wconf 84' lang='lat' dir='ltr'>Ausonias</span> <span class='ocrx_word' id='word_1_32' title='bbox 640 1153 772 1220; x_wconf 88' lang='lat' dir='ltr'>tandem</span> <span class='ocrx_word' id='word_1_33' title='bbox 796 1160 908 1220; x_wconf 88' lang='lat' dir='ltr'>tamen</span> <span class='ocrx_word' id='word_1_34' title='bbox 931 1155 1040 1238; x_wconf 85' lang='lat' dir='ltr'>attigit</span> <span class='ocrx_word' id='word_1_35' title='bbox 1063 1174 1148 1221; x_wconf 88' lang='lat' dir='ltr'>oras.</span> 
     </span>
     <span class='ocr_line' id='line_1_7' title="bbox 284 1260 1076 1349; baseline -0.004 -21"><span class='ocrx_word' id='word_1_36' title='bbox 284 1265 389 1349; x_wconf 89' lang='lat' dir='ltr'>Isque,</span> <span class='ocrx_word' id='word_1_37' title='bbox 405 1261 461 1327; x_wconf 94' lang='lat' dir='ltr'>ubi</span> <span class='ocrx_word' id='word_1_38' title='bbox 484 1260 682 1347; x_wconf 83' lang='lat' dir='ltr'>belligerum</span> <span class='ocrx_word' id='word_1_39' title='bbox 706 1260 790 1325; x_wconf 88' lang='lat' dir='ltr'>Latii</span> <span class='ocrx_word' id='word_1_40' title='bbox 815 1281 950 1326; x_wconf 87' lang='lat' dir='ltr'>sensero</span> <span class='ocrx_word' id='word_1_41' title='bbox 969 1260 1076 1327; x_wconf 90' lang='lat' dir='ltr'>coloni</span> 
     </span>
     <span class='ocr_line' id='line_1_8' title="bbox 286 1366 1144 1453; baseline 0.001 -20"><span class='ocrx_word' id='word_1_42' title='bbox 286 1369 522 1452; x_wconf 85' lang='lat' dir='ltr'>Troiugenam,</span> <span class='ocrx_word' id='word_1_43' title='bbox 547 1372 750 1450; x_wconf 88' lang='lat' dir='ltr'>externoque</span> <span class='ocrx_word' id='word_1_44' title='bbox 774 1366 847 1432; x_wconf 90' lang='lat' dir='ltr'>viro</span> <span class='ocrx_word' id='word_1_45' title='bbox 870 1367 1009 1433; x_wconf 91' lang='lat' dir='ltr'>Lavinia</span> <span class='ocrx_word' id='word_1_46' title='bbox 1032 1373 1144 1453; x_wconf 90' lang='lat' dir='ltr'>pactos</span> 
     </span>
    </p>

    <p class='ocr_par' dir='ltr' id='par_1_4' title="bbox 197 1472 1219 1984">
     <span class='ocr_line' id='line_1_9' title="bbox 197 1472 1174 1560; baseline -0.002 -18"><span class='ocrx_word' id='word_1_47' title='bbox 197 1475 263 1542; x_wconf 87' lang='lat'>510</span> <span class='ocrx_word' id='word_1_48' title='bbox 286 1473 439 1542; x_wconf 82' lang='lat' dir='ltr'>Reddidit</span> <span class='ocrx_word' id='word_1_49' title='bbox 462 1474 641 1560; x_wconf 84' lang='lat' dir='ltr'>amplexus,</span> <span class='ocrx_word' id='word_1_50' title='bbox 667 1493 765 1539; x_wconf 90' lang='lat' dir='ltr'>sacro</span> <span class='ocrx_word' id='word_1_51' title='bbox 790 1473 842 1558; x_wconf 91' lang='lat' dir='ltr'>pia</span> <span class='ocrx_word' id='word_1_52' title='bbox 865 1472 999 1540; x_wconf 90' lang='lat' dir='ltr'>flumine</span> <span class='ocrx_word' id='word_1_53' title='bbox 1023 1474 1174 1540; x_wconf 86' lang='lat' dir='ltr'>membra</span> 
     </span>
     <span class='ocr_line' id='line_1_10' title="bbox 289 1579 1106 1666; baseline 0 -19"><span class='ocrx_word' id='word_1_54' title='bbox 289 1580 441 1647; x_wconf 75' lang='lat' dir='ltr'>Deseruit</span> <span class='ocrx_word' id='word_1_55' title='bbox 464 1579 618 1644; x_wconf 88' lang='lat' dir='ltr'>moriens.</span> <span class='ocrx_word' id='word_1_56' title='bbox 643 1581 732 1644; x_wconf 91' lang='lat' dir='ltr'>Puer</span> <span class='ocrx_word' id='word_1_57' title='bbox 754 1579 842 1645; x_wconf 92' lang='lat' dir='ltr'>hunc</span> <span class='ocrx_word' id='word_1_58' title='bbox 867 1581 996 1666; x_wconf 78' lang='lat' dir='ltr'>excepit</span> <span class='ocrx_word' id='word_1_59' title='bbox 1019 1580 1106 1647; x_wconf 92' lang='lat' dir='ltr'>Iulus</span> 
     </span>
     <span class='ocr_line' id='line_1_11' title="bbox 290 1684 1101 1773; baseline -0.001 -19"><span class='ocrx_word' id='word_1_60' title='bbox 290 1687 483 1767; x_wconf 83' lang='lat' dir='ltr'>Succedens,</span> <span class='ocrx_word' id='word_1_61' title='bbox 508 1684 661 1771; x_wconf 92' lang='lat' dir='ltr'>illumque</span> <span class='ocrx_word' id='word_1_62' title='bbox 683 1684 749 1751; x_wconf 86' lang='lat' dir='ltr'>alii.</span> <span class='ocrx_word' id='word_1_63' title='bbox 774 1686 828 1751; x_wconf 91' lang='lat' dir='ltr'>Sic</span> <span class='ocrx_word' id='word_1_64' title='bbox 850 1686 961 1752; x_wconf 89' lang='lat' dir='ltr'>omnia</span> <span class='ocrx_word' id='word_1_65' title='bbox 985 1708 1101 1773; x_wconf 85' lang='lat' dir='ltr'>regum</span> 
     </span>
     <span class='ocr_line' id='line_1_12' title="bbox 289 1790 1219 1878; baseline 0.001 -20"><span class='ocrx_word' id='word_1_66' title='bbox 289 1795 453 1878; x_wconf 85' lang='lat' dir='ltr'>Tempora</span> <span class='ocrx_word' id='word_1_67' title='bbox 477 1790 654 1872; x_wconf 92' lang='lat' dir='ltr'>fluxerunt,</span> <span class='ocrx_word' id='word_1_68' title='bbox 672 1791 804 1875; x_wconf 86' lang='lat' dir='ltr'>longam</span> <span class='ocrx_word' id='word_1_69' title='bbox 828 1791 882 1877; x_wconf 92' lang='lat' dir='ltr'>qui</span> <span class='ocrx_word' id='word_1_70' title='bbox 905 1793 1074 1858; x_wconf 91' lang='lat' dir='ltr'>moenibus</span> <span class='ocrx_word' id='word_1_71' title='bbox 1097 1793 1219 1860; x_wconf 85' lang='lat' dir='ltr'>Albam</span> 
     </span>
     <span class='ocr_line' id='line_1_13' title="bbox 290 1896 1167 1984; baseline -0.001 -18"><span class='ocrx_word' id='word_1_72' title='bbox 290 1901 355 1967; x_wconf 88' lang='lat' dir='ltr'>Sub</span> <span class='ocrx_word' id='word_1_73' title='bbox 380 1897 517 1984; x_wconf 75' lang='lat' dir='ltr'>sceptris</span> <span class='ocrx_word' id='word_1_74' title='bbox 541 1899 688 1964; x_wconf 82' lang='lat' dir='ltr'>habuere</span> <span class='ocrx_word' id='word_1_75' title='bbox 712 1896 792 1963; x_wconf 90' lang='lat' dir='ltr'>suis:</span> <span class='ocrx_word' id='word_1_76' title='bbox 818 1899 859 1964; x_wconf 93' lang='lat' dir='ltr'>ad</span> <span class='ocrx_word' id='word_1_77' title='bbox 882 1898 1023 1965; x_wconf 87' lang='lat' dir='ltr'>Tibridis</span> <span class='ocrx_word' id='word_1_78' title='bbox 1045 1900 1167 1966; x_wconf 87' lang='lat' dir='ltr'>undam</span> 
     </span>
    </p>

    <p class='ocr_par' dir='ltr' id='par_1_5' title="bbox 202 2002 1271 2515">
     <span class='ocr_line' id='line_1_14' title="bbox 202 2002 1192 2093; baseline -0.001 -21"><span class='ocrx_word' id='word_1_79' title='bbox 202 2005 268 2072; x_wconf 86' lang='lat'>515</span> <span class='ocrx_word' id='word_1_80' title='bbox 293 2007 404 2072; x_wconf 87' lang='lat' dir='ltr'>Donec</span> <span class='ocrx_word' id='word_1_81' title='bbox 426 2005 655 2090; x_wconf 84' lang='lat' dir='ltr'>magnanimus</span> <span class='ocrx_word' id='word_1_82' title='bbox 678 2002 785 2089; x_wconf 87' lang='lat' dir='ltr'>posuit</span> <span class='ocrx_word' id='word_1_83' title='bbox 808 2024 895 2070; x_wconf 91' lang='lat' dir='ltr'>nova</span> <span class='ocrx_word' id='word_1_84' title='bbox 920 2007 1049 2072; x_wconf 90' lang='lat' dir='ltr'>moenia</span> <span class='ocrx_word' id='word_1_85' title='bbox 1072 2012 1192 2093; x_wconf 90' lang='lat' dir='ltr'>pastor,</span> 
     </span>
     <span class='ocr_line' id='line_1_15' title="bbox 288 2110 1271 2199; baseline 0 -21"><span class='ocrx_word' id='word_1_86' title='bbox 288 2112 384 2178; x_wconf 86' lang='lat' dir='ltr'>Ultor</span> <span class='ocrx_word' id='word_1_87' title='bbox 408 2110 472 2193; x_wconf 91' lang='lat' dir='ltr'>avi,</span> <span class='ocrx_word' id='word_1_88' title='bbox 496 2110 618 2175; x_wconf 90' lang='lat' dir='ltr'>vindex</span> <span class='ocrx_word' id='word_1_89' title='bbox 640 2110 814 2192; x_wconf 89' lang='lat' dir='ltr'>scelerum,</span> <span class='ocrx_word' id='word_1_90' title='bbox 839 2133 934 2196; x_wconf 89' lang='lat' dir='ltr'>quern</span> <span class='ocrx_word' id='word_1_91' title='bbox 957 2118 1071 2179; x_wconf 88' lang='lat' dir='ltr'>nostra</span> <span class='ocrx_word' id='word_1_92' title='bbox 1095 2120 1271 2199; x_wconf 87' lang='lat' dir='ltr'>parentem</span> 
     </span>
     <span class='ocr_line' id='line_1_16' title="bbox 291 2216 1146 2286; baseline 0.002 -3"><span class='ocrx_word' id='word_1_93' title='bbox 291 2218 380 2284; x_wconf 81' lang='lat' dir='ltr'>Dixit</span> <span class='ocrx_word' id='word_1_94' title='bbox 404 2223 435 2283; x_wconf 89' lang='lat' dir='ltr'>et</span> <span class='ocrx_word' id='word_1_95' title='bbox 458 2216 630 2283; x_wconf 87' lang='lat' dir='ltr'>aethereas</span> <span class='ocrx_word' id='word_1_96' title='bbox 654 2216 843 2283; x_wconf 86' lang='lat' dir='ltr'>defunctum</span> <span class='ocrx_word' id='word_1_97' title='bbox 866 2220 970 2286; x_wconf 84' lang='lat' dir='ltr'>traxit</span> <span class='ocrx_word' id='word_1_98' title='bbox 992 2221 1032 2285; x_wconf 90' lang='lat' dir='ltr'>ad</span> <span class='ocrx_word' id='word_1_99' title='bbox 1051 2240 1146 2286; x_wconf 87' lang='lat' dir='ltr'>arces</span> 
     </span>
     <span class='ocr_line' id='line_1_17' title="bbox 291 2322 1112 2410; baseline 0.001 -20"><span class='ocrx_word' id='word_1_100' title='bbox 291 2324 482 2406; x_wconf 88' lang='lat' dir='ltr'>Posteritas,</span> <span class='ocrx_word' id='word_1_101' title='bbox 508 2322 759 2410; x_wconf 89' lang='lat' dir='ltr'>raptoquetulit</span> <span class='ocrx_word' id='word_1_102' title='bbox 782 2344 841 2389; x_wconf 88' lang='lat' dir='ltr'>sua</span> <span class='ocrx_word' id='word_1_103' title='bbox 863 2331 938 2391; x_wconf 88' lang='lat' dir='ltr'>tura</span> <span class='ocrx_word' id='word_1_104' title='bbox 963 2326 1112 2402; x_wconf 90' lang='lat' dir='ltr'>Quirino.</span> 
     </span>
     <span class='ocr_line' id='line_1_18' title="bbox 290 2429 1134 2515; baseline 0 -18"><span class='ocrx_word' id='word_1_105' title='bbox 290 2432 517 2497; x_wconf 88' lang='lat' dir='ltr'>Fundamenta</span> <span class='ocrx_word' id='word_1_106' title='bbox 539 2429 630 2495; x_wconf 88' lang='lat' dir='ltr'>vides</span> <span class='ocrx_word' id='word_1_107' title='bbox 653 2429 808 2515; x_wconf 85' lang='lat' dir='ltr'>urbisque</span> <span class='ocrx_word' id='word_1_108' title='bbox 833 2432 970 2498; x_wconf 89' lang='lat' dir='ltr'>exordia</span> <span class='ocrx_word' id='word_1_109' title='bbox 993 2439 1134 2499; x_wconf 90' lang='lat' dir='ltr'>nostrae.</span> 
     </span>
    </p>

    <p class='ocr_par' dir='ltr' id='par_1_6' title="bbox 202 2537 1266 3055">
     <span class='ocr_line' id='line_1_19' title="bbox 202 2537 1266 2624; baseline 0.002 -19"><span class='ocrx_word' id='word_1_110' title='bbox 202 2539 269 2605; x_wconf 83' lang='lat'>520</span> <span class='ocrx_word' id='word_1_111' title='bbox 292 2541 380 2616; x_wconf 88' lang='lat' dir='ltr'>Quos</span> <span class='ocrx_word' id='word_1_112' title='bbox 402 2537 459 2604; x_wconf 89' lang='lat' dir='ltr'>tibi</span> <span class='ocrx_word' id='word_1_113' title='bbox 483 2558 568 2603; x_wconf 91' lang='lat' dir='ltr'>nunc</span> <span class='ocrx_word' id='word_1_114' title='bbox 592 2556 743 2602; x_wconf 87' lang='lat' dir='ltr'>sermone</span> <span class='ocrx_word' id='word_1_115' title='bbox 767 2537 875 2621; x_wconf 88' lang='lat' dir='ltr'>ducos,</span> <span class='ocrx_word' id='word_1_116' title='bbox 900 2560 982 2624; x_wconf 90' lang='lat' dir='ltr'>quae</span> <span class='ocrx_word' id='word_1_117' title='bbox 1009 2539 1142 2605; x_wconf 90' lang='lat' dir='ltr'>nomina</span> <span class='ocrx_word' id='word_1_118' title='bbox 1165 2539 1266 2608; x_wconf 82' lang='lat' dir='ltr'>fando</span> 
     </span>
     <span class='ocr_line' id='line_1_20' title="bbox 290 2644 1240 2731; baseline 0.001 -21"><span class='ocrx_word' id='word_1_119' title='bbox 290 2644 479 2731; x_wconf 81' lang='lat' dir='ltr'>Exsequarl</span> <span class='ocrx_word' id='word_1_120' title='bbox 503 2646 715 2710; x_wconf 89' lang='lat' dir='ltr'>Innumeram</span> <span class='ocrx_word' id='word_1_121' title='bbox 738 2644 835 2711; x_wconf 83' lang='lat' dir='ltr'>video</span> <span class='ocrx_word' id='word_1_122' title='bbox 858 2666 1075 2713; x_wconf 86' lang='lat' dir='ltr'>concrescere</span> <span class='ocrx_word' id='word_1_123' title='bbox 1098 2647 1240 2726; x_wconf 85' lang='lat' dir='ltr'>turbam,</span> 
     </span>
     <span class='ocr_line' id='line_1_21' title="bbox 289 2750 1182 2838; baseline 0 -20"><span class='ocrx_word' id='word_1_124' title='bbox 289 2752 471 2838; x_wconf 88' lang='lat' dir='ltr'>Praecipue</span> <span class='ocrx_word' id='word_1_125' title='bbox 494 2772 536 2817; x_wconf 89' lang='lat' dir='ltr'>ex</span> <span class='ocrx_word' id='word_1_126' title='bbox 558 2771 621 2837; x_wconf 92' lang='lat' dir='ltr'>quo</span> <span class='ocrx_word' id='word_1_127' title='bbox 645 2750 780 2817; x_wconf 90' lang='lat' dir='ltr'>libertas</span> <span class='ocrx_word' id='word_1_128' title='bbox 803 2751 876 2818; x_wconf 89' lang='lat' dir='ltr'>tulit</span> <span class='ocrx_word' id='word_1_129' title='bbox 898 2753 1006 2838; x_wconf 91' lang='lat' dir='ltr'>ampla</span> <span class='ocrx_word' id='word_1_130' title='bbox 1032 2751 1182 2819; x_wconf 88' lang='lat' dir='ltr'>virorum</span> 
     </span>
     <span class='ocr_line' id='line_1_22' title="bbox 290 2858 1146 2945; baseline -0.004 -17"><span class='ocrx_word' id='word_1_131' title='bbox 290 2859 422 2929; x_wconf 85' lang='lat' dir='ltr'>Semina</span> <span class='ocrx_word' id='word_1_132' title='bbox 445 2858 612 2939; x_wconf 88' lang='lat' dir='ltr'>nobilium,</span> <span class='ocrx_word' id='word_1_133' title='bbox 636 2864 670 2925; x_wconf 92' lang='lat' dir='ltr'>et</span> <span class='ocrx_word' id='word_1_134' title='bbox 692 2858 872 2944; x_wconf 90' lang='lat' dir='ltr'>tranquilla</span> <span class='ocrx_word' id='word_1_135' title='bbox 895 2859 984 2945; x_wconf 81' lang='lat' dir='ltr'>pavit</span> <span class='ocrx_word' id='word_1_136' title='bbox 1006 2858 1041 2924; x_wconf 90' lang='lat' dir='ltr'>in</span> <span class='ocrx_word' id='word_1_137' title='bbox 1064 2858 1146 2925; x_wconf 93' lang='lat' dir='ltr'>urbe</span> 
     </span>
     <span class='ocr_line' id='line_1_23' title="bbox 290 2965 1044 3055; baseline -0.003 -23"><span class='ocrx_word' id='word_1_138' title='bbox 290 2969 445 3055; x_wconf 84' lang='lat' dir='ltr'>Ingentes</span> <span class='ocrx_word' id='word_1_139' title='bbox 468 2967 604 3032; x_wconf 87' lang='lat' dir='ltr'>animas.</span> <span class='ocrx_word' id='word_1_140' title='bbox 629 2965 786 3033; x_wconf 90' lang='lat' dir='ltr'>Stellatae</span> <span class='ocrx_word' id='word_1_141' title='bbox 808 2966 916 3032; x_wconf 91' lang='lat' dir='ltr'>sidera</span> <span class='ocrx_word' id='word_1_142' title='bbox 939 2965 1044 3032; x_wconf 87' lang='lat' dir='ltr'>noctis</span> 
     </span>
    </p>

    <p class='ocr_par' dir='ltr' id='par_1_7' title="bbox 202 3072 1297 3371">
     <span class='ocr_line' id='line_1_24' title="bbox 202 3072 1046 3161; baseline -0.005 -20"><span class='ocrx_word' id='word_1_143' title='bbox 202 3074 269 3142; x_wconf 83' lang='lat'>525</span> <span class='ocrx_word' id='word_1_144' title='bbox 292 3076 335 3142; x_wconf 88' lang='lat' dir='ltr'>Et</span> <span class='ocrx_word' id='word_1_145' title='bbox 356 3074 464 3161; x_wconf 87' lang='lat' dir='ltr'>pelagi</span> <span class='ocrx_word' id='word_1_146' title='bbox 487 3073 603 3141; x_wconf 86' lang='lat' dir='ltr'>fluctus</span> <span class='ocrx_word' id='word_1_147' title='bbox 627 3080 658 3139; x_wconf 93' lang='lat' dir='ltr'>et</span> <span class='ocrx_word' id='word_1_148' title='bbox 682 3092 800 3138; x_wconf 88' lang='lat' dir='ltr'>arenas</span> <span class='ocrx_word' id='word_1_149' title='bbox 825 3072 944 3138; x_wconf 89' lang='lat' dir='ltr'>littoris</span> <span class='ocrx_word' id='word_1_150' title='bbox 968 3077 1046 3144; x_wconf 86' lang='lat' dir='ltr'>ante</span> 
     </span>
     <span class='ocr_line' id='line_1_25' title="bbox 290 3179 1297 3267; baseline -0.002 -19"><span class='ocrx_word' id='word_1_151' title='bbox 290 3183 499 3264; x_wconf 84' lang='lat' dir='ltr'>Enumerem,</span> <span class='ocrx_word' id='word_1_152' title='bbox 524 3201 622 3267; x_wconf 89' lang='lat' dir='ltr'>quam</span> <span class='ocrx_word' id='word_1_153' title='bbox 644 3185 761 3245; x_wconf 88' lang='lat' dir='ltr'>cuncta</span> <span class='ocrx_word' id='word_1_154' title='bbox 784 3179 899 3264; x_wconf 91' lang='lat' dir='ltr'>quibus</span> <span class='ocrx_word' id='word_1_155' title='bbox 922 3199 995 3244; x_wconf 88' lang='lat' dir='ltr'>mea</span> <span class='ocrx_word' id='word_1_156' title='bbox 1019 3180 1124 3246; x_wconf 89' lang='lat' dir='ltr'>Roma</span> <span class='ocrx_word' id='word_1_157' title='bbox 1149 3180 1297 3265; x_wconf 88' lang='lat' dir='ltr'>superbit</span> 
     </span>
     <span class='ocr_line' id='line_1_26' title="bbox 291 3285 1238 3371; baseline -0.003 -16"><span class='ocrx_word' id='word_1_158' title='bbox 291 3288 431 3355; x_wconf 89' lang='lat' dir='ltr'>Nomina</span> <span class='ocrx_word' id='word_1_159' title='bbox 455 3287 546 3355; x_wconf 91' lang='lat' dir='ltr'>clara</span> <span class='ocrx_word' id='word_1_160' title='bbox 569 3288 702 3354; x_wconf 90' lang='lat' dir='ltr'>ducum:</span> <span class='ocrx_word' id='word_1_161' title='bbox 729 3286 856 3367; x_wconf 78' lang='lat' dir='ltr'>CurioS,</span> <span class='ocrx_word' id='word_1_162' title='bbox 880 3286 1048 3371; x_wconf 87' lang='lat' dir='ltr'>fortesque</span> <span class='ocrx_word' id='word_1_163' title='bbox 1073 3285 1238 3365; x_wconf 72' lang='lat' dir='ltr'>Camillos</span> 
     </span>
    </p>

    <p class='ocr_par' dir='ltr' id='par_1_8' title="bbox 186 3390 1146 3585">
     <span class='ocr_line' id='line_1_27' title="bbox 186 3390 1120 3477; baseline -0.005 -16"><span class='ocrx_word' id='word_1_164' title='bbox 186 3467 189 3472; x_wconf 55' lang='grc'>,</span> <span class='ocrx_word' id='word_1_165' title='bbox 291 3395 335 3461; x_wconf 87' lang='lat' dir='ltr'>Et</span> <span class='ocrx_word' id='word_1_166' title='bbox 356 3393 476 3459; x_wconf 91' lang='lat' dir='ltr'>Paulos</span> <span class='ocrx_word' id='word_1_167' title='bbox 499 3392 586 3459; x_wconf 92' lang='lat' dir='ltr'>bello</span> <span class='ocrx_word' id='word_1_168' title='bbox 610 3391 726 3470; x_wconf 89' lang='lat' dir='ltr'>claros,</span> <span class='ocrx_word' id='word_1_169' title='bbox 751 3390 932 3477; x_wconf 89' lang='lat' dir='ltr'>Fabiosque</span> <span class='ocrx_word' id='word_1_170' title='bbox 954 3398 1120 3458; x_wconf 87' lang='lat' dir='ltr'>trecentos</span> 
     </span>
     <span class='ocr_line' id='line_1_28' title="bbox 293 3497 1146 3585; baseline -0.006 -18"><span class='ocrx_word' id='word_1_171' title='bbox 293 3502 380 3577; x_wconf 89' lang='lat' dir='ltr'>Quos</span> <span class='ocrx_word' id='word_1_172' title='bbox 403 3500 498 3565; x_wconf 92' lang='lat' dir='ltr'>simul</span> <span class='ocrx_word' id='word_1_173' title='bbox 520 3519 586 3565; x_wconf 91' lang='lat' dir='ltr'>una</span> <span class='ocrx_word' id='word_1_174' title='bbox 611 3499 678 3564; x_wconf 93' lang='lat' dir='ltr'>dies</span> <span class='ocrx_word' id='word_1_175' title='bbox 702 3498 829 3585; x_wconf 88' lang='lat' dir='ltr'>patriae</span> <span class='ocrx_word' id='word_1_176' title='bbox 853 3498 1005 3566; x_wconf 92' lang='lat' dir='ltr'>subduxit</span> <span class='ocrx_word' id='word_1_177' title='bbox 1028 3497 1146 3583; x_wconf 83' lang='lat' dir='ltr'>egenti,</span> 
     </span>
    </p>

    <p class='ocr_par' dir='ltr' id='par_1_9' title="bbox 203 3604 1256 4117">
     <span class='ocr_line' id='line_1_29' title="bbox 203 3604 1216 3694; baseline -0.006 -18"><span class='ocrx_word' id='word_1_178' title='bbox 203 3609 269 3676; x_wconf 87' lang='lat'>530</span> <span class='ocrx_word' id='word_1_179' title='bbox 292 3610 536 3694; x_wconf 82' lang='lat' dir='ltr'>Torquatosque</span> <span class='ocrx_word' id='word_1_180' title='bbox 558 3613 677 3687; x_wconf 87' lang='lat' dir='ltr'>truces,</span> <span class='ocrx_word' id='word_1_181' title='bbox 703 3605 851 3690; x_wconf 86' lang='lat' dir='ltr'>Lepidos,</span> <span class='ocrx_word' id='word_1_182' title='bbox 878 3604 1038 3689; x_wconf 88' lang='lat' dir='ltr'>durosque</span> <span class='ocrx_word' id='word_1_183' title='bbox 1063 3606 1216 3684; x_wconf 89' lang='lat' dir='ltr'>Catones,</span> 
     </span>
     <span class='ocr_line' id='line_1_30' title="bbox 292 3710 1066 3792; baseline -0.004 -13"><span class='ocrx_word' id='word_1_184' title='bbox 292 3713 461 3779; x_wconf 87' lang='lat' dir='ltr'>Fabricios</span> <span class='ocrx_word' id='word_1_185' title='bbox 484 3712 611 3778; x_wconf 86' lang='lat' dir='ltr'>modico</span> <span class='ocrx_word' id='word_1_186' title='bbox 635 3716 816 3792; x_wconf 68' lang='lat' dir='ltr'>contentos</span> <span class='ocrx_word' id='word_1_187' title='bbox 842 3710 944 3777; x_wconf 89' lang='lat' dir='ltr'>indita</span> <span class='ocrx_word' id='word_1_188' title='bbox 968 3732 1066 3777; x_wconf 90' lang='lat' dir='ltr'>cursu</span> 
     </span>
     <span class='ocr_line' id='line_1_31' title="bbox 293 3816 1224 3904; baseline -0.004 -18"><span class='ocrx_word' id='word_1_189' title='bbox 293 3818 469 3901; x_wconf 79' lang='lat' dir='ltr'>Nomina⁵⁸,</span> <span class='ocrx_word' id='word_1_190' title='bbox 494 3816 666 3904; x_wconf 83' lang='lat' dir='ltr'>quaeque⁵⁹</span> <span class='ocrx_word' id='word_1_191' title='bbox 681 3818 768 3883; x_wconf 86' lang='lat' dir='ltr'>dedit</span> <span class='ocrx_word' id='word_1_192' title='bbox 791 3817 884 3883; x_wconf 92' lang='lat' dir='ltr'>caelo</span> <span class='ocrx_word' id='word_1_193' title='bbox 907 3818 1047 3883; x_wconf 90' lang='lat' dir='ltr'>demissa</span> <span class='ocrx_word' id='word_1_194' title='bbox 1069 3817 1224 3898; x_wconf 87' lang='lat' dir='ltr'>volucris,</span> 
     </span>
     <span class='ocr_line' id='line_1_32' title="bbox 292 3923 1256 4010; baseline -0.004 -19"><span class='ocrx_word' id='word_1_195' title='bbox 292 3926 532 4010; x_wconf 87' lang='lat' dir='ltr'>Marcellosque</span> <span class='ocrx_word' id='word_1_196' title='bbox 556 3924 656 3990; x_wconf 91' lang='lat' dir='ltr'>animi</span> <span class='ocrx_word' id='word_1_197' title='bbox 680 3923 834 4001; x_wconf 90' lang='lat' dir='ltr'>illustres,</span> <span class='ocrx_word' id='word_1_198' title='bbox 859 3924 1091 4009; x_wconf 88' lang='lat' dir='ltr'>Gracchosque</span> <span class='ocrx_word' id='word_1_199' title='bbox 1114 3924 1256 4004; x_wconf 87' lang='lat' dir='ltr'>feroces,</span> 
     </span>
     <span class='ocr_line' id='line_1_33' title="bbox 292 4029 1110 4117; baseline -0.006 -18"><span class='ocrx_word' id='word_1_200' title='bbox 292 4033 334 4099; x_wconf 90' lang='lat' dir='ltr'>Et</span> <span class='ocrx_word' id='word_1_201' title='bbox 357 4031 502 4117; x_wconf 82' lang='lat' dir='ltr'>Regulos</span> <span class='ocrx_word' id='word_1_202' title='bbox 526 4030 600 4097; x_wconf 87' lang='lat' dir='ltr'>fidei</span> <span class='ocrx_word' id='word_1_203' title='bbox 624 4031 746 4117; x_wconf 90' lang='lat' dir='ltr'>plenos,</span> <span class='ocrx_word' id='word_1_204' title='bbox 771 4051 855 4117; x_wconf 90' lang='lat' dir='ltr'>quae</span> <span class='ocrx_word' id='word_1_205' title='bbox 878 4030 1011 4097; x_wconf 91' lang='lat' dir='ltr'>nomina</span> <span class='ocrx_word' id='word_1_206' title='bbox 1034 4029 1110 4095; x_wconf 89' lang='lat' dir='ltr'>belli</span> 
     </span>
    </p>
   </div>
   <div class='ocr_carea' id='block_1_3' title="bbox 94 4136 1225 4224">
    <p class='ocr_par' dir='ltr' id='par_1_10' title="bbox 94 4136 1225 4224">
     <span class='ocr_line' id='line_1_34' title="bbox 94 4136 1225 4224; baseline -0.005 -16"><span class='ocrx_word' id='word_1_207' title='bbox 94 4203 98 4208; x_wconf 91' lang='lat'>.</span> <span class='ocrx_word' id='word_1_208' title='bbox 208 4140 274 4207; x_wconf 89' lang='lat'>535</span> <span class='ocrx_word' id='word_1_209' title='bbox 296 4141 399 4206; x_wconf 91' lang='lat' dir='ltr'>Fama</span> <span class='ocrx_word' id='word_1_210' title='bbox 424 4139 496 4205; x_wconf 90' lang='lat' dir='ltr'>tulit</span> <span class='ocrx_word' id='word_1_211' title='bbox 519 4138 647 4224; x_wconf 91' lang='lat' dir='ltr'>pridem</span> <span class='ocrx_word' id='word_1_212' title='bbox 670 4145 807 4215; x_wconf 70' lang='lat' dir='ltr'>vestras</span> <span class='ocrx_word' id='word_1_213' title='bbox 833 4136 894 4201; x_wconf 91' lang='lat' dir='ltr'>nisi</span> <span class='ocrx_word' id='word_1_214' title='bbox 917 4136 1026 4215; x_wconf 86' lang='lat' dir='ltr'>fallor,</span> <span class='ocrx_word' id='word_1_215' title='bbox 1048 4137 1088 4202; x_wconf 91' lang='lat' dir='ltr'>ad</span> <span class='ocrx_word' id='word_1_216' title='bbox 1112 4156 1225 4214; x_wconf 82' lang='lat' dir='ltr'>aures3</span> 
     </span>
    </p>
   </div>
   <div class='ocr_carea' id='block_1_4' title="bbox 281 4242 1311 4651">
    <p class='ocr_par' dir='ltr' id='par_1_11' title="bbox 294 4242 1280 4440">
     <span class='ocr_line' id='line_1_35' title="bbox 295 4242 1280 4333; baseline -0.005 -19"><span class='ocrx_word' id='word_1_217' title='bbox 295 4250 347 4330; x_wconf 86' lang='lat' dir='ltr'>Et,</span> <span class='ocrx_word' id='word_1_218' title='bbox 372 4246 426 4333; x_wconf 89' lang='lat' dir='ltr'>qui</span> <span class='ocrx_word' id='word_1_219' title='bbox 448 4266 569 4332; x_wconf 86' lang='lat' dir='ltr'>magna</span> <span class='ocrx_word' id='word_1_220' title='bbox 593 4244 707 4331; x_wconf 89' lang='lat' dir='ltr'>procul</span> <span class='ocrx_word' id='word_1_221' title='bbox 730 4243 968 4311; x_wconf 89' lang='lat' dir='ltr'>transcendunt</span> <span class='ocrx_word' id='word_1_222' title='bbox 990 4242 1110 4321; x_wconf 90' lang='lat' dir='ltr'>omnia,</span> <span class='ocrx_word' id='word_1_223' title='bbox 1135 4263 1280 4309; x_wconf 88' lang='lat' dir='ltr'>summos</span> 
     </span>
     <span class='ocr_line' id='line_1_36' title="bbox 294 4348 1116 4440; baseline -0.007 -19"><span class='ocrx_word' id='word_1_224' title='bbox 294 4353 471 4440; x_wconf 87' lang='lat' dir='ltr'>Scipiadas,</span> <span class='ocrx_word' id='word_1_225' title='bbox 495 4372 575 4439; x_wconf 90' lang='lat' dir='ltr'>quos</span> <span class='ocrx_word' id='word_1_226' title='bbox 598 4351 685 4419; x_wconf 92' lang='lat' dir='ltr'>alma</span> <span class='ocrx_word' id='word_1_227' title='bbox 709 4352 823 4418; x_wconf 89' lang='lat' dir='ltr'>domus</span> <span class='ocrx_word' id='word_1_228' title='bbox 846 4349 1000 4416; x_wconf 89' lang='lat' dir='ltr'>Cornelia</span> <span class='ocrx_word' id='word_1_229' title='bbox 1024 4348 1116 4415; x_wconf 91' lang='lat' dir='ltr'>caelo</span> 
     </span>
    </p>

    <p class='ocr_par' dir='ltr' id='par_1_12' title="bbox 281 4455 1311 4651">
     <span class='ocr_line' id='line_1_37' title="bbox 293 4455 1223 4545; baseline -0.009 -18"><span class='ocrx_word' id='word_1_230' title='bbox 293 4460 419 4527; x_wconf 87' lang='lat' dir='ltr'>Extulit</span> <span class='ocrx_word' id='word_1_231' title='bbox 442 4466 539 4545; x_wconf 87' lang='lat' dir='ltr'>atque</span> <span class='ocrx_word' id='word_1_232' title='bbox 561 4458 728 4525; x_wconf 92' lang='lat' dir='ltr'>homiuum</span> <span class='ocrx_word' id='word_1_233' title='bbox 752 4456 877 4542; x_wconf 88' lang='lat' dir='ltr'>superis</span> <span class='ocrx_word' id='word_1_234' title='bbox 895 4455 1049 4541; x_wconf 90' lang='lat' dir='ltr'>aequavit</span> <span class='ocrx_word' id='word_1_235' title='bbox 1064 4455 1223 4537; x_wconf 90' lang='lat' dir='ltr'>alumnos,</span> 
     </span>
     <span class='ocr_line' id='line_1_38' title="bbox 281 4560 1311 4651; baseline -0.008 -16"><span class='ocrx_word' id='word_1_236' title='bbox 281 4568 389 4635; x_wconf 77' lang='lat' dir='ltr'>Unde</span> <span class='ocrx_word' id='word_1_237' title='bbox 411 4568 528 4633; x_wconf 89' lang='lat' dir='ltr'>ducum</span> <span class='ocrx_word' id='word_1_238' title='bbox 552 4566 618 4631; x_wconf 93' lang='lat' dir='ltr'>dux</span> <span class='ocrx_word' id='word_1_239' title='bbox 640 4565 695 4631; x_wconf 88' lang='lat' dir='ltr'>ille</span> <span class='ocrx_word' id='word_1_240' title='bbox 719 4584 823 4651; x_wconf 84' lang='lat' dir='ltr'>genus</span> <span class='ocrx_word' id='word_1_241' title='bbox 848 4561 958 4628; x_wconf 87' lang='lat' dir='ltr'>trahit.</span> <span class='ocrx_word' id='word_1_242' title='bbox 984 4563 1042 4628; x_wconf 87' lang='lat' dir='ltr'>Est</span> <span class='ocrx_word' id='word_1_243' title='bbox 1066 4560 1145 4626; x_wconf 91' lang='lat' dir='ltr'>mihi</span> <span class='ocrx_word' id='word_1_244' title='bbox 1171 4580 1311 4647; x_wconf 85' lang='lat' dir='ltr'>magnus</span> 
     </span>
    </p>
   </div>
   <div class='ocr_carea' id='block_1_5' title="bbox 0 0 1646 5750">
    <p class='ocr_par' dir='ltr' id='par_1_13' title="bbox 0 0 1646 5750">
     <span class='ocr_line' id='line_1_39' title="bbox 0 0 1646 5750; baseline 0 0"><span class='ocrx_word' id='word_1_245' title='bbox 0 0 1646 5750; x_wconf 95' lang='lat' dir='ltr'> </span> 
     </span>
    </p>
   </div>
  </div>
 </body>
</html>
