3284 5750
688 539 875 589 FRANGESGO
902 539 1073 589 paduanos

326 718 459 805 pituque
481 718 707 805 negotiorum,
732 720 772 784 ad
795 719 888 785 otiosi
913 718 1033 785 silentii
1061 739 1176 805 pacem
1202 719 1350 786 trahunt.
1374 719 1499 805 Utraque

325 827 413 894 vitae
436 827 534 892 huius
558 827 805 909 commendatio,
830 849 888 892 scu
914 833 1002 893 tanto
1025 826 1118 892 illum
1140 826 1247 894 officio
1272 827 1408 913 dignum
1430 828 1499 908 fecit,

326 955 383 1000 seu
408 934 477 1018 ipsa
501 933 598 1019 digna
622 935 693 998 risa
717 940 775 1015 est,
800 953 884 1019 quae
911 940 1003 999 tanto
1035 933 1166 1019 fastigio
1190 934 1438 1019 praeferretur,
1460 933 1502 999 alii

325 1062 397 1106 rom
420 1041 627 1126 permiscent,
652 1061 729 1106 nam
753 1062 827 1107 cum
852 1040 999 1106 exactius
1023 1062 1140 1106 vorum
1162 1061 1337 1126 quaerens
1361 1041 1501 1127 usquead

258 1149 280 1214 5
325 1147 535 1216 coenobium⁴
559 1149 614 1214 ubi
637 1149 664 1214 is
688 1147 801 1216 floruit
824 1148 992 1226 misissem,
1017 1149 1070 1234 qui
1094 1149 1173 1213 mihi
1205 1156 1377 1234 comperta
1412 1149 1505 1215 omnia

325 1263 546 1344 reportarent,
564 1257 795 1343 religiosorum
812 1256 873 1322 loci
888 1257 975 1322 illius
991 1255 1189 1324 assertione⁵
1205 1256 1312 1340 didici,
1330 1257 1431 1323 fuisse
1446 1247 1506 1322 euni

325 1365 430 1451 primo
454 1364 583 1450 quidem
606 1364 796 1445 solitarium,
814 1364 900 1447 inde,
919 1364 1014 1430 altius
1038 1371 1199 1446 evectum,
1217 1363 1353 1430 demum
1375 1365 1460 1431 ultro
1475 1364 1508 1430 ad

325 1472 532 1539 solitudinem
548 1472 690 1571 rediisse.
708 1471 811 1554 Quod,
829 1471 855 1537 si
872 1472 917 1538 ita
934 1478 992 1554 est,
1017 1478 1049 1538 ct
1064 1471 1219 1538 indicium
1242 1471 1315 1537 eius
1333 1478 1510 1538 extremum
1550 1548 1553 1559 Ι

327 1586 427 1665 patet,
453 1587 485 1647 et
508 1580 541 1644 in
565 1601 667 1645 unum
690 1579 880 1664 exemplum
916 1579 1098 1646 solitudinis
1121 1578 1292 1666 geminum
1317 1580 1417 1646 decus
1439 1581 1511 1657 coit,

236 1689 279 1752 10
324 1709 409 1773 qnae
432 1688 515 1754 tales
537 1687 628 1753 viros
652 1687 783 1753 saeculo
807 1687 999 1769 commodat,
1024 1687 1219 1772 eosdemque
1242 1688 1292 1753 sic
1320 1687 1449 1773 recipit.
1472 1689 1513 1752 lta
1551 1758 1553 1767 ,

324 1814 405 1859 vero
429 1814 501 1860 esse
525 1802 561 1860 ut
584 1794 724 1872 credam,
750 1793 905 1879 epistolae
940 1794 1098 1879 quaedam
1132 1794 1202 1860 eius
1227 1795 1417 1873 hortantur,
1442 1816 1515 1880 quas
1549 1792 1553 1821 ¹

324 1921 410 1966 nunc
433 1901 575 1966 maximo
598 1901 648 1966 his
672 1901 798 1981 auditis,
824 1900 864 1966 ad
889 1901 1081 1966 memoriam
1108 1921 1241 1983 revocO,
1266 1901 1411 1967 dirersis
1446 1902 1517 1967 illae

324 2008 456 2093 quidem
472 2008 681 2093 temporibus,
699 2013 731 2073 et
754 2007 817 2072 alic
834 2015 932 2093 atque
949 2007 1013 2075 alio
1031 2008 1119 2074 vitae
1136 2013 1222 2075 statu
1240 2009 1360 2091 aditae,
1379 2030 1519 2094 quarum

254 2196 259 2204 δ
325 2115 359 2180 in
383 2115 466 2198 aliis,
482 2122 517 2181 ut
533 2114 611 2180 mihi
628 2115 770 2197 videtur,
791 2123 977 2201 occupatus,
995 2115 1104 2182 emissi
1121 2116 1177 2182 otii
1196 2117 1345 2202 requiem
1368 2118 1519 2204 suspirat,

237 2222 279 2286 15
325 2221 359 2285 in
377 2222 458 2299 aliis,
472 2221 602 2302 otiosae,
619 2221 776 2287 transacti
795 2221 916 2305 nogotii
940 2221 1199 2306 inquietudinem
1214 2223 1423 2306 recordatur,
1437 2243 1520 2308 quae

322 2328 418 2394 huius
442 2329 520 2393 mihi
543 2350 630 2394 nunc
652 2329 775 2395 certior
800 2328 961 2394 memoria
977 2336 1036 2411 est,
1066 2330 1186 2395 ceteris
1210 2330 1312 2414 igitur
1334 2337 1432 2396 extra
1449 2351 1524 2416 pro

323 2438 462 2523 positum
486 2435 622 2502 omissis
648 2437 777 2522 Utique,
801 2438 945 2521 inquam,
971 2439 1089 2503 Petrus
1111 2437 1175 2514 hic,
1200 2445 1358 2522 quantum
1396 2460 1439 2503 ex
1463 2459 1523 2504 no

322 2543 462 2609 vissimis
480 2544 548 2609 eius
565 2544 695 2629 scriptis
712 2543 815 2622 elicio,
833 2545 1021 2609 Romanum
1037 2543 1231 2626 cardinem⁶,
1249 2565 1317 2610 non
1335 2545 1406 2610 sine
1424 2546 1524 2611 laude

326 2652 523 2736 possederat,
541 2650 593 2714 vir
617 2651 704 2715 haud
722 2650 878 2736 dignitate
896 2651 1029 2730 clarior,
1047 2673 1145 2736 quam
1167 2651 1291 2738 lingua,
1311 2652 1391 2737 quid
1408 2659 1521 2718 tamen

236 2757 280 2823 20
326 2764 357 2823 ot
392 2758 445 2823 hic
481 2756 605 2824 consilii
641 2759 787 2843 coeperit
822 2757 887 2822 iam
914 2757 1037 2823 audies
1062 2758 1226 2843 Siquidem
1259 2764 1380 2825 statum
1418 2758 1522 2838 illum,

325 2886 520 2951 pompasque
536 2865 634 2932 seculi
651 2861 906 2933 contribulibus⁷
922 2865 987 2931 suis
1004 2865 1162 2952 linquens,
1179 2865 1248 2952 ipse
1265 2865 1380 2933 ltaliae
1402 2867 1521 2948 modio,

324 2973 364 3038 ad
388 2974 558 3039 sinistrum
581 2973 766 3059 Appennini
789 2974 884 3054 latus,
901 2972 1135 3057 quietissimam
1159 2973 1379 3057 solitudinem,
1398 2975 1439 3039 de
1455 2995 1519 3060 qua

322 3080 422 3146 multa
447 3080 649 3166 conscripsit,
668 3086 701 3146 et
724 3100 808 3165 quae
832 3085 927 3145 vetus
951 3079 1057 3145 adhuc
1079 3080 1178 3145 sontis
1194 3080 1379 3146 Avellanae
1397 3101 1521 3147 nomen

321 3195 444 3268 servat,
469 3186 625 3272 perituris
649 3186 829 3274 honoribus
853 3185 1107 3272 praeferendam
1119 3186 1221 3268 duxit,
1240 3187 1295 3252 ubi
1319 3208 1386 3252 non
1413 3188 1521 3253 minus

232 3292 276 3357 25
322 3292 466 3378 gloriose
504 3294 709 3378 postmodum
732 3292 842 3374 latuit,
866 3312 962 3377 quam
986 3291 1173 3359 innotuerat
1209 3293 1354 3378 primum
1376 3295 1517 3375 Romae,

323 3421 383 3466 nec
406 3401 556 3467 dedecori
579 3401 624 3465 illi
649 3401 709 3467 fuit
728 3400 785 3468 alti
801 3398 933 3466 verticis
954 3399 1088 3466 rutilum
1106 3401 1213 3483 decus,
1232 3401 1395 3487 squalenti
1413 3401 1517 3468 cilicio

323 3515 539 3594 permutasse.
1325 3508 1327 3511 ’

268 3758 312 3812 De
324 3758 497 3814 solitudine
511 3756 681 3814 Caelestini
698 3771 795 3826 papae
804 3757 828 3828 ⁸,
843 3758 898 3827 qul
911 3758 1024 3813 Petrus
1037 3758 1109 3812 anta
1128 3757 1275 3825 papatum
1288 3756 1393 3813 dietus
1406 3758 1483 3813 tuit.

620 3917 626 3926 -
717 3883 827 3952 (Scotto
849 3884 916 3951 III,
937 3885 1037 3950 c.18).

432 4044 536 4109 Huius
553 4043 662 4110 Petri9
674 4043 891 4110 clarissimum
914 4044 1038 4111 laceret
1054 4044 1176 4111 raritas
1196 4044 1265 4130 ipsa
1281 4051 1512 4131 contemptum,

321 4150 383 4215 nisi
407 4172 482 4217 eum
506 4152 595 4217 Petri
618 4152 752 4217 alterius
790 4152 927 4218 Romani
963 4151 1149 4234 Pontificis,
1174 4173 1272 4237 quem
1297 4153 1518 4220 Caelestinum

230 4258 274 4322 30
320 4257 483 4334 dixerunt,
502 4258 668 4325 recentior
691 4265 903 4344 contemptus
923 4266 956 4325 et
977 4258 1101 4326 clarior
1117 4260 1333 4341 obscurasset,
1350 4260 1416 4345 qui,
1434 4262 1521 4326 Pon-

319 4363 442 4430 tificato
478 4365 623 4431 Maximo
658 4366 747 4432 velut
781 4366 954 4432 mortifero
991 4367 1079 4434 fasce
1114 4365 1268 4452 deposito,
1292 4365 1326 4430 in
1351 4367 1520 4451 antiquam

321 4471 528 4538 solitudinem
552 4478 620 4538 tam
643 4473 756 4558 cupide
780 4473 957 4559 repedavit,
977 4479 1011 4539 ut
1035 4472 1143 4539 hostili
1167 4473 1324 4559 compede
1341 4473 1522 4540 liberatum

322 4578 486 4647 crederes.
513 4579 605 4660 Quod
629 4580 751 4647 factum
767 4579 906 4650 solitarii
931 4578 1100 4665 sanctique
1116 4578 1229 4668 patris,
1252 4578 1398 4649 vilitati¹⁰
1418 4581 1521 4650 animi
