3284 5750
234 421 273 485 -J

90 525 246 591 μή.
624 536 813 589 ramcnsco
842 543 1011 592 rurannca

287 718 329 782 Et
352 715 460 802 gelida
483 716 668 802 praedulcis
691 739 785 802 aqua.
811 720 995 804 Spectabile
1020 730 1215 806 monstrum,

287 823 412 888 Alveus
438 830 473 888 ut
496 823 618 889 virides
642 825 749 890 vitreo
773 826 854 910 tegit
877 847 976 892 amne
999 830 1201 915 smaragdos,

286 929 347 996 Hic
370 930 448 994 mihi
472 950 609 996 saxosae
634 931 758 1016 rigidus
781 932 911 996 telluris
938 935 1065 1019 agellus

287 1036 451 1123 Contigit:
476 1037 552 1103 hinc
575 1037 657 1114 lites,
683 1039 758 1104 hinc
781 1039 906 1104 semina
930 1041 1036 1126 prima
1065 1043 1188 1120 duelli;

199 1145 241 1209 10
287 1145 434 1230 Namque
458 1165 530 1230 ego,
554 1145 640 1230 quod
664 1146 811 1230 profugis
836 1147 930 1212 sedes
954 1156 1028 1214 erat
1050 1157 1126 1234 apta
1147 1150 1304 1218 Camenis

286 1252 447 1318 Concives
472 1252 524 1318 hic
548 1271 620 1317 esse
644 1272 746 1333 meas,
771 1273 966 1339 mecumque
989 1256 1149 1322 tumultus

286 1360 468 1444 Insulsique
492 1360 564 1425 dedi
588 1360 735 1426 convicia
758 1368 911 1427 temnere
935 1363 1036 1448 vulgi,

286 1468 410 1533 Contra
434 1467 520 1549 illae,
545 1467 713 1553 indignum
739 1468 865 1533 facinus
889 1471 1104 1555 graviterque
1125 1472 1306 1540 ferendum

286 1575 446 1640 Exulihus
470 1595 528 1640 sua
554 1575 627 1639 iura
652 1575 732 1656 dari,
758 1596 863 1640 novus
888 1577 1016 1642 advena
1040 1584 1107 1644 toto

198 1681 240 1747 15
287 1683 377 1748 Orbe
400 1683 484 1767 quod
510 1683 662 1768 expulsas
686 1682 813 1747 alienae
838 1683 1025 1750 intruderet
1046 1686 1127 1767 arci,

286 1791 394 1875 Atque
419 1807 549 1856 novem
563 1791 751 1875 praeferret
774 1811 856 1856 anus
880 1792 965 1876 quod
989 1792 1078 1858 mille
1102 1794 1231 1878 puellis,

287 1899 355 1962 Iam
378 1897 456 1962 mihi
481 1898 567 1963 sacta
591 1918 690 1962 manu
716 1898 816 1962 nitido
840 1898 952 1963 brevis
975 1919 1054 1964 area
1080 1900 1182 1966 fundo

286 2005 410 2086 Stabat,
435 2012 467 2070 et
492 2005 629 2071 advecto
653 2005 781 2070 ridebat
806 2005 956 2090 gramine
980 2013 1121 2091 pratum.

285 2108 501 2198 Nimpharum
527 2112 655 2178 interea
681 2112 830 2196 rapidum
854 2113 894 2178 de
909 2113 1054 2198 rupibus
1078 2136 1199 2200 agmen

196 2221 240 2286 20
285 2220 429 2301 Prosilit,
453 2240 492 2285 ac
515 2218 642 2305 fragilis
667 2219 775 2284 valido
799 2219 966 2286 molimine
989 2222 1094 2306 coepti
1176 2281 1178 2287 ,

284 2328 510 2393 Fundamenta
535 2328 611 2392 ruit.
635 2327 794 2412 Fugimus
818 2329 1053 2413 scopulumque
1077 2332 1303 2416 propinquum

285 2434 493 2510 Prendimus,
518 2439 552 2498 et
574 2453 654 2497 saxo
676 2433 795 2517 trepidi
819 2434 1029 2519 speculamur
1055 2436 1095 2500 ab
1120 2437 1197 2519 alto,

284 2540 520 2626 Praesidioque
545 2540 606 2606 loci
630 2539 785 2620 fruimur,
813 2561 875 2607 nec
901 2547 1049 2626 tempore
1073 2542 1173 2628 longo

100 2732 103 2736 .
285 2648 539 2734 Congredimur,
566 2647 748 2732 patulisque
772 2647 893 2712 iterum
918 2668 977 2712 nos
1001 2647 1167 2714 credimus
1190 2652 1306 2718 arvis:

195 2755 239 2822 25
284 2756 337 2822 Sic
360 2754 474 2840 puduit
496 2754 619 2840 fugisse
644 2753 755 2819 semel.
781 2754 998 2820 Transiverat
1022 2757 1138 2821 orbem

283 2859 417 2929 Delius¹³
433 2861 610 2946 obliquum,
634 2860 764 2945 iamque
788 2861 894 2927 altera
918 2869 1057 2928 venerat
1081 2870 1199 2930 aestas.

284 2970 425 3036 Humida
448 2969 552 3055 pierio
576 2968 694 3053 passim
717 2968 878 3034 insultare
901 2969 1005 3035 labori

283 3077 425 3164 Agmina
449 3075 620 3161 conspicio,
645 3076 831 3160 nostrisque
855 3076 1006 3143 habitare
1029 3078 1090 3142 sub
1114 3080 1229 3145 antris,

284 3185 368 3261 Quid
392 3182 564 3250 facerem?
590 3182 756 3269 Indignor,
780 3183 837 3248 sed
861 3204 1003 3267 quanam
1027 3184 1093 3250 fata
1119 3186 1316 3270 gubernant

193 3295 238 3360 30
284 3291 464 3358 Consilium
487 3311 651 3375 curasque
675 3290 749 3367 fide,
774 3312 876 3375 quum
900 3312 985 3355 vana
1010 3299 1205 3377 retorquent

283 3400 369 3465 Orsa
393 3397 582 3464 hominum!
607 3399 692 3463 Dum
715 3398 816 3463 multa
841 3418 932 3482 paro,
957 3398 1034 3463 dum
1057 3400 1142 3464 bella
1169 3409 1314 3481 retento

282 3508 383 3571 Forte
407 3504 602 3590 peregrinas
626 3505 761 3591 longum
785 3526 890 3589 vagus
914 3505 963 3570 ire
988 3525 1047 3589 per
1071 3527 1147 3571 oras

283 3613 403 3697 Cogor,
427 3617 460 3677 et
483 3610 649 3696 inceptum
672 3611 783 3676 clausa
808 3632 884 3676 cum
907 3610 993 3676 valle
1018 3612 1219 3697 relinquens,

226 3750 231 3761 ·
282 3718 445 3785 Attonitas
469 3717 603 3783 comites
628 3724 699 3803 post
721 3718 854 3783 saecula
878 3718 981 3783 multa
1009 3718 1127 3784 reduxi

192 3826 236 3893 35
282 3828 318 3890 ln
341 3824 482 3906 Latium,
507 3825 680 3909 celsaeque
704 3845 804 3909 super
829 3825 989 3910 Capitolia
1012 3826 1147 3892 Romae.

282 3934 401 3999 Sextus
425 3933 466 3997 ab
490 3931 566 3996 hinc
589 3951 695 3997 annus
719 3932 840 4017 agitur.
865 3931 949 4006 Quid
975 3931 1105 3997 multal
1130 3933 1290 4001 Redimus

281 4041 349 4105 Per
374 4038 554 4103 mareiam
577 4038 695 4103 totiens
720 4058 880 4119 mensum,
905 4038 1089 4123 totiensque
1113 4060 1317 4124 remensum,

280 4149 414 4232 Perque
439 4145 534 4209 nimis
558 4151 651 4211 notas
675 4145 786 4229 Alpes.
810 4145 909 4230 Rapit
932 4146 1040 4211 omnia
1065 4147 1187 4212 mundo
1231 4132 1235 4141 ¹

280 4256 426 4319 Prorsus
449 4272 552 4317 avara
575 4252 653 4333 dies,
678 4259 711 4317 et
734 4252 855 4317 sensim
880 4251 984 4317 labilis
1008 4254 1120 4319 aetas!

193 4363 236 4427 40
281 4363 366 4427 Dum
390 4380 448 4424 rus
472 4379 588 4444 nempe
611 4359 721 4440 silens,
746 4367 778 4424 et
802 4379 902 4443 opaca
926 4360 1101 4426 revisimus
1126 4368 1234 4444 antra,

280 4469 366 4533 Mira
390 4465 452 4533 loci
476 4465 599 4542 facies;
624 4466 733 4550 operis
758 4465 897 4551 vestigia
920 4488 1091 4551 nusquam.

282 4576 401 4648 Omnia
427 4576 597 4643 calcabant
620 4574 739 4658 hostes
764 4593 965 4662 sparsusque
987 4574 1115 4642 iacebat
