3284 5750
515 868 702 925 suoomoml
726 846 861 923 canutus
880 847 1039 944 (soricem)

172 1053 200 1116 to
223 1051 394 1118 Adversus
417 1052 608 1129 stimulum;
633 1052 751 1118 melior
773 1053 932 1138 patientia
955 1053 1100 1139 pressis;

221 1159 326 1225 Multa
350 1159 413 1226 sibi
435 1159 516 1226 facit
539 1160 609 1245 ipse
633 1161 763 1226 animus
787 1160 913 1226 leviora
937 1162 1084 1228 ferendo.

221 1266 307 1342 Quid
330 1265 499 1351 gemitus?
523 1267 683 1333 Moritura
707 1267 769 1333 fuit
792 1268 940 1349 Galatea,
966 1268 1120 1353 deinceps

222 1374 422 1440 Immortalis
445 1373 518 1440 erit.
541 1375 682 1460 Proprie
705 1376 876 1441 tabescere
896 1375 1016 1440 damno

221 1481 296 1546 Non
319 1500 432 1558 amor3
457 1481 593 1548 alterius
616 1488 737 1548 sortem
762 1481 879 1567 lugere
902 1483 1081 1549 secundam

174 1586 198 1650 5
220 1585 348 1650 Invidia
371 1592 431 1652 est.
456 1589 623 1662 Quantum
645 1587 738 1654 nobis
763 1587 950 1669 decesserit,
975 1608 1088 1655 omnes

221 1692 361 1774 Scimus,
385 1699 419 1758 et
442 1692 573 1778 ingrato
597 1701 757 1784 quantum
779 1694 960 1760 decesserit
982 1695 1076 1773 orbi;

220 1798 285 1864 Sed
309 1798 457 1864 ferimus.
481 1800 552 1866 Vos
575 1800 725 1880 desinite,
750 1822 790 1867 ac
812 1801 950 1868 meliora
979 1807 1148 1869 tenentem

219 1904 403 1990 Suscipite;
428 1912 461 1972 et
485 1908 615 1990 caelum
637 1908 737 1974 terris
761 1913 870 1993 optate
894 1908 1029 1976 relictis

716 2049 835 2114 Fusci.

218 2163 367 2230 Fabulal
393 2163 473 2239 Quis
497 2163 556 2229 alis
581 2164 710 2230 eaelum
732 2165 908 2232 terrestria
931 2165 1120 2250 prendentt

694 2296 857 2362 Funerna.
935 2328 937 2333 ·

174 2413 197 2476 0
221 2411 414 2489 AEthereis;
438 2408 485 2478 sic
507 2417 597 2478 terra
621 2433 727 2493 suum,
751 2412 799 2478 sic
821 2418 909 2478 astra
933 2419 1120 2498 reposcunt.

712 2545 832 2610 Fusco.

221 2659 410 2738 Credulitas
431 2659 568 2747 vulgata
591 2659 744 2746 quideml
768 2681 829 2727 nos
853 2640 943 2728 certa
967 2662 1154 2746 probamus.

695 2793 858 2858 Funerum

219 2910 336 2990 Fusca,
361 2908 440 2975 locis
465 2906 708 2976 imis'hahitasl
733 2930 792 2976 nos
816 2930 945 2975 summa
968 2916 1128 2987 tenemus,

219 3017 262 3082 ut
286 3015 370 3083 coeli
394 3022 570 3103 terraeque
593 3016 692 3082 situm
715 3017 925 3103 speculamur
947 3018 988 3088 ab
1012 3015 1088 3082 alto.

716 3150 832 3217 Nronn.

220 3267 387 3353 Ambages
410 3271 541 3333 veteres
569 3272 602 3332 et
625 3266 833 3332 inenodabile
856 3286 975 3332 rerum

173 3374 195 3438 5
219 3373 348 3454 Mittite,
373 3378 405 3440 et
428 3372 596 3457 integram
619 3373 769 3439 venturis
793 3372 913 3439 tradite
937 3372 1038 3438 litem.

221 3477 372 3564 Fulgida,
397 3479 476 3565 quin
499 3480 605 3566 potius
627 3478 749 3567 (Musas
773 3500 851 3545 nam
874 3478 981 3545 noscis
1005 3476 1167 3564 agrestes)

219 3586 278 3653 Dio
300 3586 431 3652 titulum
454 3588 558 3666 busto,
583 3587 713 3672 relegat
735 3607 834 3673 quem
857 3586 965 3652 serior
989 3591 1090 3652 aetas.

692 3721 856 3786 Fundrna.

219 3835 282 3901 Hic
303 3834 397 3920 liquit
420 3834 557 3902 Galatea
579 3856 676 3901 suum
699 3836 923 3923 pulcherrima
946 3856 1085 3922 corpus;

218 3942 340 4007 Libera
363 3941 493 4027 iamque
516 3943 607 4029 polos
631 3949 664 4009 et
688 3944 781 4027 regia
804 3950 892 4009 tecta
916 3943 1072 4009 Tonantis
1152 3989 1156 4024 3

173 4050 195 4113 0
218 4050 292 4134 Ipsa
316 4049 447 4134 quidem
470 4051 700 4136 Superumque
724 4052 844 4117 choros
868 4070 1063 4135 mensasque
1087 4049 1286 4134 frequentat.

218 4158 311 4222 Mors
334 4164 572 4241 roseos-artus,
597 4178 686 4225 mors
710 4158 847 4242 candida
872 4157 956 4224 colla
980 4176 1147 4243 genasque

220 4262 441 4349 sidereosque
464 4264 576 4331 oculos
599 4265 716 4350 tetigit,
741 4266 918 4351 vultusque
942 4283 1078 4330 serenos

219 4368 372 4437 Obscura
396 4370 544 4437 dimersit
566 4372 676 4437 humo.
701 4372 852 4439 Mortalia
876 4371 1049 4457 quisquam

217 4475 348 4560 Diligat,
373 4483 430 4542 aut
453 4483 565 4563 speret
588 4478 721 4544 stabiles
745 4478 799 4543 hic
822 4477 928 4562 figere
952 4475 1105 4562 plantast

173 4581 195 4645 5
218 4581 303 4657 Quid
326 4602 432 4668 genus
456 4589 514 4650 aut
535 4583 701 4669 probitas?
726 4583 801 4669 quid
826 4583 925 4670 opesl
951 4583 1027 4668 quid
1050 4582 1178 4648 formal
1198 4580 1276 4666 quid
1292 4578 1410 4646 aetas?

220 4687 349 4763 Quidve
372 4688 492 4757 decens
516 4690 651 4757 cultusl
677 4690 761 4766 Quid
785 4691 889 4775 gloria
913 4689 1053 4756 nominis
1076 4687 1221 4773 ingens?

219 4792 339 4861 Omnia
363 4796 592 4883 contigerant;
617 4817 735 4863 manus
759 4796 892 4864 abstulit
915 4797 1024 4863 omnia
1046 4794 1181 4869 mortis;

218 4901 314 4969 Nuda
338 4901 475 4971 domum
497 4911 652 4992 repetens
676 4925 695 4972 e
717 4924 857 4972 carcere
880 4904 965 4990 fugit
988 4909 1107 4969 amato.
