3284 5750
696 530 882 576 FRANonsco
907 527 1076 575 PETRARGA

336 708 436 775 animi
453 708 852 795 passionibus⁵liberaret‚
866 707 1057 794 sepulcrum
1072 704 1128 772 ubi
1141 705 1404 773 sacratissimum
1417 726 1519 791 corpus

336 817 415 881 illud
432 816 583 897 substitit,
598 816 674 880 dum
700 816 767 901 ipse
784 816 899 880 mortis
923 822 956 880 et
979 815 1101 880 inferni
1120 815 1236 896 victor,
1254 815 1296 880 ad
1313 835 1419 900 regna
1435 815 1518 880 hostis

335 924 502 1009 spolianda
526 923 758 1003 descenderet,
785 923 871 988 unde
906 921 1003 988 etiam
1027 941 1185 987 reversus
1219 922 1325 1003 idem,
1351 942 1516 1007 corpusque

334 1031 399 1095 iam
414 1030 601 1096 immortale
618 1029 789 1116 recipiens,
808 1031 930 1115 pressis
954 1029 1047 1115 gravi
1068 1049 1187 1115 sopore
1204 1028 1406 1110 custodibus,
1422 1049 1514 1094 resur-
1547 1032 1553 1121 p

267 1138 288 1204 5
334 1139 432 1219 rexit,
457 1138 535 1204 Sion
559 1144 733 1222 praeterea
770 1144 803 1203 et
827 1136 949 1204 Oliveti
972 1143 1128 1218 montem,
1151 1137 1302 1202 adhaec
1336 1145 1370 1202 et
1392 1136 1468 1201 unde
1486 1137 1510 1200 in

336 1245 465 1312 caelum
502 1245 661 1325 ascendit,
694 1265 758 1330 quo
794 1245 834 1310 ad
858 1244 1012 1310 iudicium
1049 1263 1253 1309 reversurus
1289 1244 1449 1320 creditur,
1469 1243 1507 1307 ub'

334 1352 441 1418 ventis
466 1358 499 1418 et
521 1350 674 1417 fluctibus
697 1352 881 1437 imperavit,
901 1351 955 1416 ubi
976 1351 1048 1416 cibo
1064 1350 1186 1436 exiguo
1204 1351 1385 1416 maximam
1402 1351 1505 1416 turben

334 1458 432 1543 pavit,
457 1458 512 1522 ubi
536 1479 654 1542 aquam
677 1459 780 1523 vertit
802 1457 837 1521 in
859 1456 971 1522 vinum
987 1455 1084 1543 (quae
1107 1457 1184 1522 licet
1207 1477 1330 1542 magna
1355 1457 1504 1522 convivan-

334 1565 420 1630 tibus
446 1564 649 1641 videreutur,
668 1563 778 1630 facilia
800 1570 899 1629 erant
921 1563 967 1628 illi
984 1564 1040 1648 qui
1056 1563 1164 1628 cibum
1181 1569 1214 1629 01
1230 1563 1348 1629 vinnm
1367 1571 1399 1629 et
1413 1583 1504 1648 aquen

248 1673 291 1736 lo
337 1679 370 1737 et
393 1670 478 1756 ipsos
503 1671 542 1736 de
566 1670 668 1736 nihilo
705 1677 882 1736 creaverat
916 1669 1154 1758 convivantes),
1179 1671 1235 1736 ubi
1262 1671 1403 1757 denique
1428 1670 1504 1755 elegit

335 1778 481 1843 indoctos
515 1786 613 1863 atque
647 1779 760 1862 inopes
795 1779 991 1863 piscatoreS,
1015 1797 1157 1862 quorum
1192 1778 1299 1843 hamis
1336 1799 1375 1843 ac
1405 1778 1503 1843 retibus

335 1885 545 1970 piscarentur
569 1885 787 1968 imperatores
811 1905 851 1949 ac
873 1904 972 1969 reges
996 1883 1158 1969 gentium,
1184 1884 1239 1949 ubi
1265 1905 1380 1950 caecos
1407 1883 1501 1949 illuni-

339 1991 441 2071 navit,
456 1990 618 2076 leprosos5
632 1991 809 2069 mundavit,
825 1989 1043 2076 paralyticos⁵
1055 1990 1174 2071 erexit,
1187 1997 1337 2058 mortuos
1353 1991 1504 2068 suscitavit,

339 2097 489 2182 quodque
513 2096 562 2162 his
586 2097 736 2162 omnibus
760 2096 865 2162 maius
882 2103 978 2178 esset,
995 2096 1057 2162 nisi
1080 2096 1156 2182 quia
1172 2099 1282 2163 omnia
1299 2119 1404 2183 aeque
1419 2097 1505 2163 facilia

250 2204 292 2268 15
339 2211 416 2269 sunt
438 2206 515 2280 Deo,
534 2201 762 2269 daemonibue⁵
776 2225 815 2269 ac
839 2204 980 2288 peccatis
1003 2223 1202 2290 oppressam,
1219 2206 1443 2291 sepultumque
1457 2203 1506 2270 ani·

340 2333 427 2377 mam
452 2310 594 2377 restituit
619 2310 771 2391 libertati,
788 2309 892 2374 multa
915 2310 1013 2375 etiam
1036 2330 1119 2395 quae
1137 2311 1290 2396 persequi
1316 2311 1393 2376 mibi
1411 2311 1509 2397 longis·

334 2418 454 2483 simum
477 2423 511 2483 et
534 2437 741 2501 nequaquam
764 2416 991 2482 necessarium
1006 2417 1064 2482 tibi
1081 2423 1140 2492 est,
1158 2417 1209 2482 cui
1230 2419 1343 2483 omnia
1362 2439 1404 2484 ex
1418 2419 1508 2483 Evan-
1544 2464 1546 2469 -

333 2523 436 2610 gelio⁵
452 2530 528 2589 nota
546 2530 631 2602 sunt,
648 2543 733 2608 quae
758 2521 824 2586 fixa
849 2528 958 2588 mente
982 2523 1158 2601 cernentis,
1177 2544 1235 2609 per
1251 2524 1399 2610 singulos
1419 2542 1511 2609 passus
1551 2564 1553 2593 ι

333 2631 485 2697 devotam
508 2630 651 2694 animam
675 2629 746 2714 pins
771 2629 892 2693 horror
915 2628 1059 2695 invadet.
1077 2630 1188 2695 Unum
1211 2630 1296 2714 quod
1317 2630 1404 2697 elabi
1421 2635 1512 2716 posset

243 2737 287 2803 20
333 2737 502 2814 admoneo,
520 2735 635 2801 videre
659 2741 691 2801 te
716 2736 833 2799 urbem
851 2734 950 2811 illam,
968 2755 1067 2819 quam
1085 2735 1203 2801 vicisse
1218 2736 1365 2802 victores
1382 2737 1513 2823 gentium

333 2843 474 2910 Romani
497 2848 566 2909 tam
589 2841 717 2908 clarum
741 2861 821 2925 opus
845 2860 918 2906 esse
942 2840 1120 2919 duxerunt,
1147 2848 1182 2908 ut
1205 2841 1297 2909 Titus
1321 2850 1402 2910 tunc
1432 2862 1515 2911 exer-

332 2952 425 3032 01100,
450 2956 521 3035 post
544 2950 673 3034 imperii
697 2950 920 3031 gubernator,
947 2949 981 3012 iu
1004 2950 1073 3034 ipso
1096 2949 1250 3035 ingressu
1284 2953 1416 3018 moenia
1439 2951 1516 3018 urbis

331 3058 509 3138 admirans,
533 3063 659 3123 tantam
683 3055 856 3122 victoriam
879 3076 945 3121 non
969 3056 1135 3122 humanae
1159 3058 1302 3133 virtutis
1321 3060 1379 3125 sed
1400 3059 1516 3125 divinae

331 3165 459 3250 gratiae
483 3164 660 3230 fateretur.

241 3304 451 3361 Attraversera
469 3306 519 3375 poi
538 3306 561 3359 il
580 3305 698 3361 deserto
718 3305 755 3361 ed
774 3305 939 3362 ammirera
958 3308 980 3362 il
999 3306 1091 3374 Sinai,
1105 3304 1160 3376 pid
1180 3306 1307 3362 innanzi
1323 3308 1347 3363 il
1360 3310 1427 3364 Mar
1441 3312 1521 3366 Rosso

314 3386 398 3454 (720),
420 3386 612 3440 Alessandria
632 3385 762 3453 d'Egitto
782 3401 798 3440 e
817 3388 891 3441 Fano
911 3388 996 3456 (785).
1014 3387 1037 3442 ll
1052 3393 1152 3456 tempo
1172 3388 1345 3443 necessario
1358 3396 1522 3459 perquesto

312 3464 433 3535 viaggio
461 3464 528 3521 sara
549 3466 578 3521 di
599 3472 645 3521 tre
666 3468 742 3521 mesi
771 3466 808 3522 ed
827 3467 850 3521 11
869 3467 969 3523 nobile
989 3468 1112 3535 signore
1140 3465 1292 3522 ritornera
1321 3468 1354 3523 iu
1375 3470 1459 3525 ltalia
1476 3466 1521 3540 pil

312 3546 393 3601 dotto
412 3561 429 3601 e
448 3544 502 3615 pid
524 3552 610 3602 santo
631 3546 661 3601 di
679 3545 801 3616 quando
821 3561 860 3601 ne
878 3545 958 3618 parti
979 3549 1053 3617 (791)
1068 3545 1094 3601 *.

373 3660 390 3697 ep
404 3654 411 3687 1
424 3653 503 3689 numeri
516 3654 547 3688 tra
560 3653 661 3698 pareutesi
673 3652 765 3689 indicano
779 3653 797 3690 le
810 3654 868 3699 rigbe
883 3655 968 3691 secondo
980 3654 1084 3690 l'adizione
1098 3654 1215 3690 humaneto.

788 3776 986 3894 NQ—TE

241 3939 250 3973 1
271 3940 380 4007 inedie,
401 3941 422 3994 11
444 3942 566 4009 tragitto
585 3939 622 3995 da
644 3941 757 3996 Milano
777 3956 793 3995 a
814 3942 946 3996 Genova.

241 4036 469 4105 ἵ0100010101,
491 4038 717 4093 classicamente
740 4037 936 4106 pronuntiat.

240 4132 252 4167 ³
271 4133 449 4203 Albipaeeni,
464 4134 674 4203 Albipauoeem
686 4148 703 4188 0
717 4133 864 4203 Imperant,
879 4139 969 4201 gente
988 4133 1037 4189 dei
1055 4134 1159 4202 Liguri
1176 4133 1213 4189 ad
1226 4133 1346 4190 oriente
1360 4136 1440 4195 delle
1456 4137 1529 4207 Alpi,

311 4214 340 4268 al
359 4213 489 4268 distacco
509 4214 589 4282 degli
610 4214 796 4283 Appennini,
811 4213 895 4269 eche
915 4214 1001 4270 diede
1021 4214 1044 4269 il
1065 4228 1154 4269 nome
1174 4214 1233 4269 alla
1252 4213 1325 4269 01111
1338 4216 1369 4271 di
1385 4218 1528 4286 Albenga.

239 4310 435 4380 ⁴paropeide
454 4334 488 4359 z
507 4312 623 4377 catino,
652 4312 761 4382 piatto;
794 4312 936 4368 vocabolo
965 4313 995 4368 di
1024 4314 1111 4369 conio
1142 4328 1247 4382 groco,
1267 4320 1357 4370 usato
1380 4316 1476 4372 anche
1496 4317 1531 4373 da

312 4391 452 4446 Marciale
472 4406 488 4447 e
509 4392 546 4447 da
566 4392 740 4447 Gioveuale.

240 4490 251 4525 ⁵
268 4490 478 4561 praeelectione,
494 4491 637 4559 leproeoe,
655 4491 857 4560 paralyticos,
878 4492 1086 4563 daemonibus,
1100 4492 1278 4568 1100190110,
1298 4494 1437 4553 vocaboli
1451 4496 1532 4552 usati

316 4573 397 4647 dagli
416 4574 548 4630 scrittori
571 4572 776 4630 ecclesiastici.
