<?xml version="1.0" encoding="UTF-8"?>
<!DOCTYPE html PUBLIC "-//W3C//DTD XHTML 1.0 Transitional//EN"
    "http://www.w3.org/TR/xhtml1/DTD/xhtml1-transitional.dtd">
<html xmlns="http://www.w3.org/1999/xhtml" xml:lang="en" lang="en">
 <head>
  <title>
</title>
<meta http-equiv="Content-Type" content="text/html;charset=utf-8" />
  <meta name='ocr-system' content='tesseract 3.04.00' />
  <meta name='ocr-capabilities' content='ocr_page ocr_carea ocr_par ocr_line ocrx_word'/>
</head>
<body>
  <div class='ocr_page' id='page_1' title='image "./operelatineanto00petrgoog_0148.png"; bbox 0 0 3284 5750; ppageno 0'>
   <div class='ocr_carea' id='block_1_1' title="bbox 490 834 1441 915">
    <p class='ocr_par' dir='ltr' id='par_1_1' title="bbox 490 834 1441 915">
     <span class='ocr_line' id='line_1_1' title="bbox 490 834 1441 915; baseline -0.002 -8"><span class='ocrx_word' id='word_1_1' title='bbox 490 855 533 908; x_wconf 79' lang='lat' dir='ltr'>nb</span> <span class='ocrx_word' id='word_1_2' title='bbox 556 850 716 909; x_wconf 71' lang='lat' dir='ltr'>nonanus</span> <span class='ocrx_word' id='word_1_3' title='bbox 741 852 929 915; x_wconf 76' lang='lat' dir='ltr'>urnirsoun</span> <span class='ocrx_word' id='word_1_4' title='bbox 953 856 1116 908; x_wconf 71' lang='lat' dir='ltr'>ronrunie</span> <span class='ocrx_word' id='word_1_5' title='bbox 1377 834 1441 906; x_wconf 75' lang='lat'><strong>12&#39;3&#39;</strong></span> 
     </span>
    </p>
   </div>
   <div class='ocr_carea' id='block_1_2' title="bbox 184 1038 1497 3053">
    <p class='ocr_par' dir='ltr' id='par_1_2' title="bbox 184 1038 1497 3053">
     <span class='ocr_line' id='line_1_2' title="bbox 289 1038 1441 1126; baseline -0.005 -19"><span class='ocrx_word' id='word_1_6' title='bbox 289 1040 506 1126; x_wconf 71' lang='lat' dir='ltr'>exprimeret,</span> <span class='ocrx_word' id='word_1_7' title='bbox 531 1059 651 1104; x_wconf 92' lang='lat' dir='ltr'>nomen</span> <span class='ocrx_word' id='word_1_8' title='bbox 674 1038 803 1103; x_wconf 88' lang='lat' dir='ltr'>siluisse</span> <span class='ocrx_word' id='word_1_9' title='bbox 826 1038 971 1102; x_wconf 89' lang='lat' dir='ltr'>Plinium</span> <span class='ocrx_word' id='word_1_10' title='bbox 994 1038 1109 1119; x_wconf 89' lang='lat' dir='ltr'>miror,</span> <span class='ocrx_word' id='word_1_11' title='bbox 1134 1038 1187 1103; x_wconf 89' lang='lat' dir='ltr'>hic</span> <span class='ocrx_word' id='word_1_12' title='bbox 1211 1044 1260 1103; x_wconf 91' lang='lat' dir='ltr'>est</span> <span class='ocrx_word' id='word_1_13' title='bbox 1282 1038 1370 1102; x_wconf 90' lang='lat' dir='ltr'>enim</span> <span class='ocrx_word' id='word_1_14' title='bbox 1385 1038 1441 1122; x_wconf 88' lang='lat' dir='ltr'>qui</span> 
     </span>
     <span class='ocr_line' id='line_1_3' title="bbox 288 1143 1440 1231; baseline 0.001 -23"><span class='ocrx_word' id='word_1_15' title='bbox 288 1145 390 1231; x_wconf 90' lang='lat' dir='ltr'>ipsius</span> <span class='ocrx_word' id='word_1_16' title='bbox 413 1145 481 1210; x_wconf 87' lang='lat' dir='ltr'>divi</span> <span class='ocrx_word' id='word_1_17' title='bbox 501 1144 641 1230; x_wconf 83' lang='lat' dir='ltr'><strong>Augusti</strong></span> <span class='ocrx_word' id='word_1_18' title='bbox 657 1144 792 1228; x_wconf 89' lang='lat' dir='ltr'>sculpsit</span> <span class='ocrx_word' id='word_1_19' title='bbox 808 1143 960 1229; x_wconf 86' lang='lat' dir='ltr'>effigiem,</span> <span class='ocrx_word' id='word_1_20' title='bbox 978 1164 1043 1228; x_wconf 90' lang='lat' dir='ltr'>qua</span> <span class='ocrx_word' id='word_1_21' title='bbox 1059 1143 1099 1207; x_wconf 93' lang='lat' dir='ltr'>ad</span> <span class='ocrx_word' id='word_1_22' title='bbox 1116 1150 1304 1208; x_wconf 81' lang='lat' dir='ltr'>extremum</span> <span class='ocrx_word' id='word_1_23' title='bbox 1322 1149 1355 1208; x_wconf 91' lang='lat' dir='ltr'>et</span> <span class='ocrx_word' id='word_1_24' title='bbox 1372 1143 1440 1228; x_wconf 88' lang='lat' dir='ltr'>ipse</span> 
     </span>
     <span class='ocr_line' id='line_1_4' title="bbox 289 1249 1439 1336; baseline -0.003 -20"><span class='ocrx_word' id='word_1_25' title='bbox 289 1252 368 1316; x_wconf 92' lang='lat' dir='ltr'>dum</span> <span class='ocrx_word' id='word_1_26' title='bbox 392 1251 475 1317; x_wconf 80' lang='lat' dir='ltr'>vixit</span> <span class='ocrx_word' id='word_1_27' title='bbox 509 1258 636 1336; x_wconf 88' lang='lat' dir='ltr'>etpost</span> <span class='ocrx_word' id='word_1_28' title='bbox 670 1270 745 1315; x_wconf 91' lang='lat' dir='ltr'>eum</span> <span class='ocrx_word' id='word_1_29' title='bbox 779 1249 871 1314; x_wconf 90' lang='lat' dir='ltr'>multi</span> <span class='ocrx_word' id='word_1_30' title='bbox 907 1249 1091 1334; x_wconf 71' lang='lat' dir='ltr'><strong>principum</strong></span> <span class='ocrx_word' id='word_1_31' title='bbox 1126 1249 1175 1314; x_wconf 92' lang='lat' dir='ltr'>usi</span> <span class='ocrx_word' id='word_1_32' title='bbox 1205 1257 1294 1323; x_wconf 90' lang='lat' dir='ltr'>sunt,</span> <span class='ocrx_word' id='word_1_33' title='bbox 1321 1270 1360 1315; x_wconf 91' lang='lat' dir='ltr'>ea</span> <span class='ocrx_word' id='word_1_34' title='bbox 1384 1250 1439 1316; x_wconf 87' lang='lat' dir='ltr'>vel</span> 
     </span>
     <span class='ocr_line' id='line_1_5' title="bbox 290 1356 1442 1438; baseline -0.003 -13"><span class='ocrx_word' id='word_1_35' title='bbox 290 1359 450 1425; x_wconf 86' lang='lat' dir='ltr'>Caesarei</span> <span class='ocrx_word' id='word_1_36' title='bbox 474 1358 541 1423; x_wconf 88' lang='lat' dir='ltr'>oris</span> <span class='ocrx_word' id='word_1_37' title='bbox 565 1357 747 1438; x_wconf 85' lang='lat' dir='ltr'>veneratio,</span> <span class='ocrx_word' id='word_1_38' title='bbox 774 1356 827 1422; x_wconf 91' lang='lat' dir='ltr'>vel</span> <span class='ocrx_word' id='word_1_39' title='bbox 850 1356 1022 1422; x_wconf 87' lang='lat' dir='ltr'>admiratio</span> <span class='ocrx_word' id='word_1_40' title='bbox 1047 1356 1107 1422; x_wconf 81' lang='lat' dir='ltr'>fuit</span> <span class='ocrx_word' id='word_1_41' title='bbox 1131 1356 1275 1422; x_wconf 83' lang='lat' dir='ltr'>artificis.</span> <span class='ocrx_word' id='word_1_42' title='bbox 1293 1357 1335 1421; x_wconf 86' lang='lat' dir='ltr'>Et</span> <span class='ocrx_word' id='word_1_43' title='bbox 1353 1378 1442 1422; x_wconf 89' lang='lat' dir='ltr'>nunc</span> 
     </span>
     <span class='ocr_line' id='line_1_6' title="bbox 184 1462 1497 1551; baseline -0.002 -21"><span class='ocrx_word' id='word_1_44' title='bbox 184 1463 188 1474; x_wconf 84' lang='lat'>&#39;</span> <span class='ocrx_word' id='word_1_45' title='bbox 292 1484 356 1551; x_wconf 90' lang='lat' dir='ltr'>ego</span> <span class='ocrx_word' id='word_1_46' title='bbox 379 1470 471 1530; x_wconf 88' lang='lat' dir='ltr'>tanto</span> <span class='ocrx_word' id='word_1_47' title='bbox 494 1465 535 1531; x_wconf 87' lang='lat' dir='ltr'>de</span> <span class='ocrx_word' id='word_1_48' title='bbox 557 1463 696 1550; x_wconf 87' lang='lat' dir='ltr'>gemmis</span> <span class='ocrx_word' id='word_1_49' title='bbox 730 1462 842 1528; x_wconf 89' lang='lat' dir='ltr'>habito</span> <span class='ocrx_word' id='word_1_50' title='bbox 869 1482 1033 1543; x_wconf 90' lang='lat' dir='ltr'>sermone,</span> <span class='ocrx_word' id='word_1_51' title='bbox 1058 1484 1139 1547; x_wconf 90' lang='lat' dir='ltr'>quas</span> <span class='ocrx_word' id='word_1_52' title='bbox 1163 1483 1222 1528; x_wconf 88' lang='lat' dir='ltr'>seu</span> <span class='ocrx_word' id='word_1_53' title='bbox 1245 1471 1367 1530; x_wconf 86' lang='lat' dir='ltr'>natura</span> <span class='ocrx_word' id='word_1_54' title='bbox 1392 1463 1441 1528; x_wconf 90' lang='lat' dir='ltr'>in·</span> <span class='ocrx_word' id='word_1_55' title='bbox 1495 1486 1497 1490; x_wconf 36' lang='lat'>³</span> 
     </span>
     <span class='ocr_line' id='line_1_7' title="bbox 290 1568 1440 1658; baseline -0.002 -21"><span class='ocrx_word' id='word_1_56' title='bbox 290 1579 406 1658; x_wconf 81' lang='lat' dir='ltr'>tegnas</span> <span class='ocrx_word' id='word_1_57' title='bbox 422 1570 606 1656; x_wconf 90' lang='lat' dir='ltr'>solidasque</span> <span class='ocrx_word' id='word_1_58' title='bbox 622 1569 844 1655; x_wconf 83' lang='lat' dir='ltr'>voluptatibus</span> <span class='ocrx_word' id='word_1_59' title='bbox 862 1569 981 1634; x_wconf 88' lang='lat' dir='ltr'>vestris</span> <span class='ocrx_word' id='word_1_60' title='bbox 998 1569 1139 1648; x_wconf 82' lang='lat' dir='ltr'>exhibet,</span> <span class='ocrx_word' id='word_1_61' title='bbox 1153 1590 1212 1634; x_wconf 92' lang='lat' dir='ltr'>seu</span> <span class='ocrx_word' id='word_1_62' title='bbox 1228 1589 1284 1635; x_wconf 90' lang='lat' dir='ltr'>ars</span> <span class='ocrx_word' id='word_1_63' title='bbox 1301 1568 1440 1651; x_wconf 83' lang='lat' dir='ltr'>causat⁸,</span> 
     </span>
     <span class='ocr_line' id='line_1_8' title="bbox 292 1675 1440 1764; baseline -0.002 -20"><span class='ocrx_word' id='word_1_64' title='bbox 292 1697 420 1764; x_wconf 88' lang='lat' dir='ltr'>quaero</span> <span class='ocrx_word' id='word_1_65' title='bbox 436 1698 478 1744; x_wconf 87' lang='lat' dir='ltr'>ex</span> <span class='ocrx_word' id='word_1_66' title='bbox 495 1685 539 1760; x_wconf 89' lang='lat' dir='ltr'>te,</span> <span class='ocrx_word' id='word_1_67' title='bbox 552 1684 674 1763; x_wconf 89' lang='lat' dir='ltr'>quanto</span> <span class='ocrx_word' id='word_1_68' title='bbox 698 1675 837 1762; x_wconf 87' lang='lat' dir='ltr'>amplius</span> <span class='ocrx_word' id='word_1_69' title='bbox 857 1675 1025 1742; x_wconf 87' lang='lat' dir='ltr'>delectare</span> <span class='ocrx_word' id='word_1_70' title='bbox 1042 1676 1187 1741; x_wconf 88' lang='lat' dir='ltr'>animum</span> <span class='ocrx_word' id='word_1_71' title='bbox 1205 1676 1351 1757; x_wconf 78' lang='lat' dir='ltr'>deberet,</span> <span class='ocrx_word' id='word_1_72' title='bbox 1370 1677 1440 1742; x_wconf 91' lang='lat' dir='ltr'>sine</span> 
     </span>
     <span class='ocr_line' id='line_1_9' title="bbox 292 1782 1440 1871; baseline -0.002 -22"><span class='ocrx_word' id='word_1_73' title='bbox 292 1785 397 1871; x_wconf 89' lang='lat' dir='ltr'>pretio</span> <span class='ocrx_word' id='word_1_74' title='bbox 421 1791 478 1850; x_wconf 93' lang='lat' dir='ltr'>aut</span> <span class='ocrx_word' id='word_1_75' title='bbox 501 1784 616 1850; x_wconf 88' lang='lat' dir='ltr'>labore</span> <span class='ocrx_word' id='word_1_76' title='bbox 639 1782 803 1869; x_wconf 86' lang='lat' dir='ltr'>parabilis,</span> <span class='ocrx_word' id='word_1_77' title='bbox 829 1782 983 1868; x_wconf 88' lang='lat' dir='ltr'>splendor</span> <span class='ocrx_word' id='word_1_78' title='bbox 1006 1783 1201 1862; x_wconf 89' lang='lat' dir='ltr'>aethereus,</span> <span class='ocrx_word' id='word_1_79' title='bbox 1225 1783 1324 1849; x_wconf 92' lang='lat' dir='ltr'>immo</span> <span class='ocrx_word' id='word_1_80' title='bbox 1348 1803 1390 1848; x_wconf 90' lang='lat' dir='ltr'>ne</span> <span class='ocrx_word' id='word_1_81' title='bbox 1414 1784 1440 1847; x_wconf 93' lang='lat' dir='ltr'>is</span> 
     </span>
     <span class='ocr_line' id='line_1_10' title="bbox 292 1890 1440 1978; baseline -0.002 -20"><span class='ocrx_word' id='word_1_82' title='bbox 292 1891 455 1978; x_wconf 88' lang='lat' dir='ltr'>equidem,</span> <span class='ocrx_word' id='word_1_83' title='bbox 472 1891 530 1958; x_wconf 90' lang='lat' dir='ltr'>sed</span> <span class='ocrx_word' id='word_1_84' title='bbox 553 1891 608 1977; x_wconf 88' lang='lat' dir='ltr'>qui</span> <span class='ocrx_word' id='word_1_85' title='bbox 631 1891 727 1956; x_wconf 91' lang='lat' dir='ltr'>buius</span> <span class='ocrx_word' id='word_1_86' title='bbox 751 1898 784 1957; x_wconf 92' lang='lat' dir='ltr'>et</span> <span class='ocrx_word' id='word_1_87' title='bbox 808 1890 895 1955; x_wconf 90' lang='lat' dir='ltr'>illius</span> <span class='ocrx_word' id='word_1_88' title='bbox 916 1891 987 1957; x_wconf 85' lang='lat' dir='ltr'>fons</span> <span class='ocrx_word' id='word_1_89' title='bbox 1004 1912 1043 1957; x_wconf 89' lang='lat' dir='ltr'>ac</span> <span class='ocrx_word' id='word_1_90' title='bbox 1061 1891 1256 1976; x_wconf 91' lang='lat' dir='ltr'>principium</span> <span class='ocrx_word' id='word_1_91' title='bbox 1273 1892 1354 1957; x_wconf 91' lang='lat' dir='ltr'>lucis</span> <span class='ocrx_word' id='word_1_92' title='bbox 1371 1891 1440 1956; x_wconf 80' lang='lat' dir='ltr'>estl</span> 
     </span>
     <span class='ocr_line' id='line_1_11' title="bbox 290 1997 1439 2084; baseline -0.002 -18"><span class='ocrx_word' id='word_1_93' title='bbox 290 1999 394 2066; x_wconf 89' lang='lat' dir='ltr'>Rutili</span> <span class='ocrx_word' id='word_1_94' title='bbox 410 1998 614 2076; x_wconf 85' lang='lat' dir='ltr'>carbunculi,</span> <span class='ocrx_word' id='word_1_95' title='bbox 629 1998 751 2064; x_wconf 87' lang='lat' dir='ltr'>virides</span> <span class='ocrx_word' id='word_1_96' title='bbox 766 1998 942 2083; x_wconf 89' lang='lat' dir='ltr'>smaragdi,</span> <span class='ocrx_word' id='word_1_97' title='bbox 956 1999 1066 2063; x_wconf 89' lang='lat' dir='ltr'>sereni</span> <span class='ocrx_word' id='word_1_98' title='bbox 1081 1999 1236 2084; x_wconf 88' lang='lat' dir='ltr'>sapphyri</span> <span class='ocrx_word' id='word_1_99' title='bbox 1244 1997 1265 2075; x_wconf 80' lang='lat'>⁹,</span> <span class='ocrx_word' id='word_1_100' title='bbox 1283 1998 1439 2064; x_wconf 87' lang='lat' dir='ltr'>candidae</span> 
     </span>
     <span class='ocr_line' id='line_1_12' title="bbox 291 2105 1442 2192; baseline 0 -21"><span class='ocrx_word' id='word_1_101' title='bbox 291 2107 495 2192; x_wconf 84' lang='lat' dir='ltr'>margaritae</span> <span class='ocrx_word' id='word_1_102' title='bbox 530 2105 576 2170; x_wconf 90' lang='lat' dir='ltr'>sic</span> <span class='ocrx_word' id='word_1_103' title='bbox 599 2105 760 2188; x_wconf 91' lang='lat' dir='ltr'>alliciunt,</span> <span class='ocrx_word' id='word_1_104' title='bbox 786 2125 848 2170; x_wconf 87' lang='lat' dir='ltr'>nec</span> <span class='ocrx_word' id='word_1_105' title='bbox 871 2105 947 2170; x_wconf 92' lang='lat' dir='ltr'>solis</span> <span class='ocrx_word' id='word_1_106' title='bbox 971 2105 1083 2191; x_wconf 84' lang='lat' dir='ltr'>fulgor</span> <span class='ocrx_word' id='word_1_107' title='bbox 1118 2112 1175 2172; x_wconf 86' lang='lat' dir='ltr'>aut</span> <span class='ocrx_word' id='word_1_108' title='bbox 1198 2105 1355 2183; x_wconf 89' lang='lat' dir='ltr'>siderum,</span> <span class='ocrx_word' id='word_1_109' title='bbox 1381 2126 1442 2171; x_wconf 89' lang='lat' dir='ltr'>nec</span> 
     </span>
     <span class='ocr_line' id='line_1_13' title="bbox 290 2211 1442 2294; baseline -0.003 -14"><span class='ocrx_word' id='word_1_110' title='bbox 290 2223 405 2280; x_wconf 86' lang='lat' dir='ltr'>terrae</span> <span class='ocrx_word' id='word_1_111' title='bbox 429 2211 549 2279; x_wconf 84' lang='lat' dir='ltr'>viror¹⁰</span> <span class='ocrx_word' id='word_1_112' title='bbox 564 2220 621 2279; x_wconf 90' lang='lat' dir='ltr'>aut</span> <span class='ocrx_word' id='word_1_113' title='bbox 644 2214 813 2294; x_wconf 89' lang='lat' dir='ltr'>arborum,</span> <span class='ocrx_word' id='word_1_114' title='bbox 836 2233 897 2278; x_wconf 89' lang='lat' dir='ltr'>nec</span> <span class='ocrx_word' id='word_1_115' title='bbox 921 2213 1084 2278; x_wconf 89' lang='lat' dir='ltr'>serenitas</span> <span class='ocrx_word' id='word_1_116' title='bbox 1109 2213 1207 2294; x_wconf 88' lang='lat' dir='ltr'>aeris,</span> <span class='ocrx_word' id='word_1_117' title='bbox 1232 2235 1294 2279; x_wconf 89' lang='lat' dir='ltr'>nec</span> <span class='ocrx_word' id='word_1_118' title='bbox 1317 2214 1442 2279; x_wconf 89' lang='lat' dir='ltr'>candor</span> 
     </span>
     <span class='ocr_line' id='line_1_14' title="bbox 292 2314 1440 2406; baseline -0.002 -19"><span class='ocrx_word' id='word_1_119' title='bbox 292 2321 413 2387; x_wconf 87' lang='lat' dir='ltr'>nitidus</span> <span class='ocrx_word' id='word_1_120' title='bbox 428 2314 535 2405; x_wconf 85' lang='lat' dir='ltr'>tangit</span> <span class='ocrx_word' id='word_1_121' title='bbox 545 2320 708 2386; x_wconf 86' lang='lat' dir='ltr'>Aurorae.</span> <span class='ocrx_word' id='word_1_122' title='bbox 723 2319 866 2405; x_wconf 87' lang='lat' dir='ltr'>Stupetis</span> <span class='ocrx_word' id='word_1_123' title='bbox 882 2319 983 2386; x_wconf 86' lang='lat' dir='ltr'>facies</span> <span class='ocrx_word' id='word_1_124' title='bbox 1000 2341 1099 2385; x_wconf 89' lang='lat' dir='ltr'>manu</span> <span class='ocrx_word' id='word_1_125' title='bbox 1117 2320 1285 2387; x_wconf 90' lang='lat' dir='ltr'>hominum</span> <span class='ocrx_word' id='word_1_126' title='bbox 1300 2321 1440 2406; x_wconf 89' lang='lat' dir='ltr'>gemmis</span> 
     </span>
     <span class='ocr_line' id='line_1_15' title="bbox 251 2426 1439 2514; baseline 0.003 -24"><span class='ocrx_word' id='word_1_127' title='bbox 251 2483 254 2490; x_wconf 93' lang='lat'><strong>.</strong></span> <span class='ocrx_word' id='word_1_128' title='bbox 291 2429 480 2514; x_wconf 88' lang='lat' dir='ltr'>insculptas,</span> <span class='ocrx_word' id='word_1_129' title='bbox 504 2449 566 2494; x_wconf 87' lang='lat' dir='ltr'>nec</span> <span class='ocrx_word' id='word_1_130' title='bbox 590 2426 725 2494; x_wconf 86' lang='lat' dir='ltr'>artificis</span> <span class='ocrx_word' id='word_1_131' title='bbox 749 2427 885 2512; x_wconf 88' lang='lat' dir='ltr'>stupetis</span> <span class='ocrx_word' id='word_1_132' title='bbox 909 2428 1092 2514; x_wconf 81' lang='lat' dir='ltr'>ingenium3</span> <span class='ocrx_word' id='word_1_133' title='bbox 1117 2429 1182 2493; x_wconf 89' lang='lat' dir='ltr'>imo</span> <span class='ocrx_word' id='word_1_134' title='bbox 1216 2449 1296 2494; x_wconf 88' lang='lat' dir='ltr'>vero</span> <span class='ocrx_word' id='word_1_135' title='bbox 1331 2449 1439 2514; x_wconf 89' lang='lat' dir='ltr'>neque</span> 
     </span>
     <span class='ocr_line' id='line_1_16' title="bbox 184 2528 1439 2620; baseline 0.004 -25"><span class='ocrx_word' id='word_1_136' title='bbox 184 2528 216 2595; x_wconf 84' lang='lat'>15</span> <span class='ocrx_word' id='word_1_137' title='bbox 292 2536 387 2601; x_wconf 93' lang='lat' dir='ltr'>illum</span> <span class='ocrx_word' id='word_1_138' title='bbox 411 2534 616 2601; x_wconf 85' lang='lat' dir='ltr'>veneramini</span> <span class='ocrx_word' id='word_1_139' title='bbox 640 2542 752 2620; x_wconf 89' lang='lat' dir='ltr'>totque</span> <span class='ocrx_word' id='word_1_140' title='bbox 776 2543 842 2600; x_wconf 91' lang='lat' dir='ltr'>tam</span> <span class='ocrx_word' id='word_1_141' title='bbox 866 2534 964 2601; x_wconf 89' lang='lat' dir='ltr'>claris</span> <span class='ocrx_word' id='word_1_142' title='bbox 980 2535 1021 2602; x_wconf 90' lang='lat' dir='ltr'>ad</span> <span class='ocrx_word' id='word_1_143' title='bbox 1040 2556 1159 2600; x_wconf 90' lang='lat' dir='ltr'>verum</span> <span class='ocrx_word' id='word_1_144' title='bbox 1175 2535 1237 2600; x_wconf 86' lang='lat' dir='ltr'>viis</span> <span class='ocrx_word' id='word_1_145' title='bbox 1253 2536 1439 2619; x_wconf 82' lang='lat' dir='ltr'>agnoscitis,</span> 
     </span>
     <span class='ocr_line' id='line_1_17' title="bbox 290 2642 1441 2729; baseline -0.001 -20"><span class='ocrx_word' id='word_1_146' title='bbox 290 2644 346 2729; x_wconf 91' lang='lat' dir='ltr'>qui</span> <span class='ocrx_word' id='word_1_147' title='bbox 361 2664 509 2729; x_wconf 87' lang='lat' dir='ltr'>gemmas</span> <span class='ocrx_word' id='word_1_148' title='bbox 525 2643 619 2728; x_wconf 80' lang='lat' dir='ltr'>ipsae,</span> <span class='ocrx_word' id='word_1_149' title='bbox 637 2642 756 2728; x_wconf 86' lang='lat' dir='ltr'>quique</span> <span class='ocrx_word' id='word_1_150' title='bbox 776 2643 956 2728; x_wconf 89' lang='lat' dir='ltr'>ingenium,</span> <span class='ocrx_word' id='word_1_151' title='bbox 972 2643 1027 2727; x_wconf 92' lang='lat' dir='ltr'>qui</span> <span class='ocrx_word' id='word_1_152' title='bbox 1045 2664 1171 2725; x_wconf 88' lang='lat' dir='ltr'>manus,</span> <span class='ocrx_word' id='word_1_153' title='bbox 1192 2642 1312 2728; x_wconf 90' lang='lat' dir='ltr'>quique</span> <span class='ocrx_word' id='word_1_154' title='bbox 1329 2643 1441 2709; x_wconf 92' lang='lat' dir='ltr'>oculos</span> 
     </span>
     <span class='ocr_line' id='line_1_18' title="bbox 294 2750 1440 2844; baseline -0.001 -27"><span class='ocrx_word' id='word_1_155' title='bbox 294 2752 383 2834; x_wconf 87' lang='lat' dir='ltr'>fecit,</span> <span class='ocrx_word' id='word_1_156' title='bbox 397 2752 512 2838; x_wconf 91' lang='lat' dir='ltr'>quibus</span> <span class='ocrx_word' id='word_1_157' title='bbox 528 2753 611 2818; x_wconf 85' lang='lat' dir='ltr'>baec</span> <span class='ocrx_word' id='word_1_158' title='bbox 627 2758 848 2818; x_wconf 89' lang='lat' dir='ltr'>cernerentur</span> <span class='ocrx_word' id='word_1_159' title='bbox 865 2760 962 2836; x_wconf 88' lang='lat' dir='ltr'>atque</span> <span class='ocrx_word' id='word_1_160' title='bbox 978 2751 1245 2835; x_wconf 84' lang='lat' dir='ltr'>intelligerentur</span> <span class='ocrx_word' id='word_1_161' title='bbox 1262 2759 1294 2817; x_wconf 91' lang='lat' dir='ltr'>et</span> <span class='ocrx_word' id='word_1_162' title='bbox 1310 2750 1440 2844; x_wconf 85' lang='lat' dir='ltr'>fierent.</span> 
     </span>
     <span class='ocr_line' id='line_1_19' title="bbox 292 2858 1441 2945; baseline -0.003 -18"><span class='ocrx_word' id='word_1_163' title='bbox 292 2860 321 2927; x_wconf 89' lang='grc' dir='ltr'><strong>Ο</strong></span> <span class='ocrx_word' id='word_1_164' title='bbox 356 2880 487 2945; x_wconf 87' lang='lat' dir='ltr'>semper</span> <span class='ocrx_word' id='word_1_165' title='bbox 524 2858 636 2925; x_wconf 89' lang='lat' dir='ltr'>vilium</span> <span class='ocrx_word' id='word_1_166' title='bbox 670 2859 851 2926; x_wconf 87' lang='lat' dir='ltr'>imitatores</span> <span class='ocrx_word' id='word_1_167' title='bbox 886 2880 1020 2940; x_wconf 90' lang='lat' dir='ltr'>rerum,</span> <span class='ocrx_word' id='word_1_168' title='bbox 1053 2880 1249 2945; x_wconf 86' lang='lat' dir='ltr'>semperque</span> <span class='ocrx_word' id='word_1_169' title='bbox 1284 2858 1441 2925; x_wconf 91' lang='lat' dir='ltr'>nobilium</span> 
     </span>
     <span class='ocr_line' id='line_1_20' title="bbox 292 2966 551 3053; baseline -0.012 -19"><span class='ocrx_word' id='word_1_170' title='bbox 292 2966 551 3053; x_wconf 87' lang='lat' dir='ltr'>contemptoresl</span> 
     </span>
    </p>
   </div>
   <div class='ocr_carea' id='block_1_3' title="bbox 184 3091 1442 3653">
    <p class='ocr_par' dir='ltr' id='par_1_3' title="bbox 184 3091 1442 3653">
     <span class='ocr_line' id='line_1_21' title="bbox 184 3091 1437 3170; baseline 0.002 -17"><span class='ocrx_word' id='word_1_171' title='bbox 184 3091 278 3156; x_wconf 76' lang='lat' dir='ltr'>luente</span> <span class='ocrx_word' id='word_1_172' title='bbox 306 3101 335 3155; x_wconf 86' lang='lat' dir='ltr'>ai</span> <span class='ocrx_word' id='word_1_173' title='bbox 356 3100 427 3155; x_wconf 90' lang='lat' dir='ltr'>libri</span> <span class='ocrx_word' id='word_1_174' title='bbox 447 3099 605 3155; x_wconf 88' lang='lat' dir='ltr'>dobbiamo</span> <span class='ocrx_word' id='word_1_175' title='bbox 633 3106 793 3169; x_wconf 86' lang='lat' dir='ltr'>anteporre</span> <span class='ocrx_word' id='word_1_176' title='bbox 822 3100 852 3154; x_wconf 75' lang='lat' dir='ltr'>al&#39;</span> <span class='ocrx_word' id='word_1_177' title='bbox 870 3101 1052 3170; x_wconf 86' lang='lat' dir='ltr'>possederne</span> <span class='ocrx_word' id='word_1_178' title='bbox 1082 3100 1177 3166; x_wconf 85' lang='lat' dir='ltr'>molti,</span> <span class='ocrx_word' id='word_1_179' title='bbox 1205 3101 1228 3155; x_wconf 90' lang='lat' dir='ltr'>il</span> <span class='ocrx_word' id='word_1_180' title='bbox 1256 3115 1437 3156; x_wconf 87' lang='lat' dir='ltr'>conoscerne</span> 
     </span>
     <span class='ocr_line' id='line_1_22' title="bbox 232 3176 1442 3251; baseline -0.001 -14"><span class='ocrx_word' id='word_1_181' title='bbox 232 3182 316 3237; x_wconf 89' lang='lat' dir='ltr'>molti</span> <span class='ocrx_word' id='word_1_182' title='bbox 336 3181 467 3250; x_wconf 80' lang='lat' dir='ltr'>(Xblll);</span> <span class='ocrx_word' id='word_1_183' title='bbox 484 3184 510 3236; x_wconf 90' lang='lat' dir='ltr'>la</span> <span class='ocrx_word' id='word_1_184' title='bbox 533 3178 611 3236; x_wconf 81' lang='lat' dir='ltr'>lama</span> <span class='ocrx_word' id='word_1_185' title='bbox 628 3176 677 3251; x_wconf 84' lang='lat' dir='ltr'>poi</span> <span class='ocrx_word' id='word_1_186' title='bbox 696 3181 776 3248; x_wconf 80' lang='lat' dir='ltr'>degli</span> <span class='ocrx_word' id='word_1_187' title='bbox 791 3182 925 3236; x_wconf 87' lang='lat' dir='ltr'>scrittori</span> <span class='ocrx_word' id='word_1_188' title='bbox 939 3180 956 3236; x_wconf 79' lang='lat' dir='ltr'>e</span> <span class='ocrx_word' id='word_1_189' title='bbox 970 3196 1054 3236; x_wconf 88' lang='lat' dir='ltr'>coine</span> <span class='ocrx_word' id='word_1_190' title='bbox 1067 3189 1175 3247; x_wconf 85' lang='lat' dir='ltr'>vent0;</span> <span class='ocrx_word' id='word_1_191' title='bbox 1192 3181 1298 3237; x_wconf 87' lang='lat' dir='ltr'>l&#39;esser</span> <span class='ocrx_word' id='word_1_192' title='bbox 1313 3189 1442 3236; x_wconf 86' lang='lat' dir='ltr'>maestro</span> 
     </span>
     <span class='ocr_line' id='line_1_23' title="bbox 231 3263 1442 3332; baseline -0.001 -14"><span class='ocrx_word' id='word_1_193' title='bbox 231 3263 268 3319; x_wconf 86' lang='lat' dir='ltr'>ad</span> <span class='ocrx_word' id='word_1_194' title='bbox 286 3263 365 3318; x_wconf 85' lang='lat' dir='ltr'>altro</span> <span class='ocrx_word' id='word_1_195' title='bbox 385 3277 446 3317; x_wconf 94' lang='lat' dir='ltr'>non</span> <span class='ocrx_word' id='word_1_196' title='bbox 466 3276 553 3318; x_wconf 88' lang='lat' dir='ltr'>serve</span> <span class='ocrx_word' id='word_1_197' title='bbox 573 3263 626 3317; x_wconf 88' lang='lat' dir='ltr'>che</span> <span class='ocrx_word' id='word_1_198' title='bbox 645 3279 660 3317; x_wconf 87' lang='lat' dir='ltr'>a</span> <span class='ocrx_word' id='word_1_199' title='bbox 683 3269 792 3318; x_wconf 84' lang='lat' dir='ltr'>matter</span> <span class='ocrx_word' id='word_1_200' title='bbox 812 3264 844 3317; x_wconf 89' lang='lat' dir='ltr'>in</span> <span class='ocrx_word' id='word_1_201' title='bbox 866 3269 976 3317; x_wconf 89' lang='lat' dir='ltr'>mostra</span> <span class='ocrx_word' id='word_1_202' title='bbox 997 3263 1025 3317; x_wconf 89' lang='lat' dir='ltr'>la</span> <span class='ocrx_word' id='word_1_203' title='bbox 1040 3265 1163 3332; x_wconf 87' lang='lat' dir='ltr'>propria</span> <span class='ocrx_word' id='word_1_204' title='bbox 1182 3263 1355 3330; x_wconf 75' lang='lat' dir='ltr'>ignoranda,</span> <span class='ocrx_word' id='word_1_205' title='bbox 1370 3264 1442 3329; x_wconf 83' lang='lat' dir='ltr'>ogni</span> 
     </span>
     <span class='ocr_line' id='line_1_24' title="bbox 217 3340 1442 3412; baseline 0 -14"><span class='ocrx_word' id='word_1_206' title='bbox 217 3343 333 3404; x_wconf 41' lang='lat' dir='ltr'>,studio</span> <span class='ocrx_word' id='word_1_207' title='bbox 352 3342 429 3398; x_wconf 86' lang='lat' dir='ltr'>deve</span> <span class='ocrx_word' id='word_1_208' title='bbox 448 3357 521 3397; x_wconf 86' lang='lat' dir='ltr'>aver</span> <span class='ocrx_word' id='word_1_209' title='bbox 539 3357 594 3412; x_wconf 85' lang='lat' dir='ltr'>per</span> <span class='ocrx_word' id='word_1_210' title='bbox 612 3342 672 3398; x_wconf 87' lang='lat' dir='ltr'>dne</span> <span class='ocrx_word' id='word_1_211' title='bbox 691 3343 718 3397; x_wconf 87' lang='lat' dir='ltr'>la</span> <span class='ocrx_word' id='word_1_212' title='bbox 740 3342 822 3398; x_wconf 80' lang='lat' dir='ltr'>virtu</span> <span class='ocrx_word' id='word_1_213' title='bbox 844 3344 1066 3411; x_wconf 63' lang='lat' dir='ltr'>(xliv-xnvlp</span> <span class='ocrx_word' id='word_1_214' title='bbox 1088 3344 1130 3409; x_wconf 78' lang='lat' dir='ltr'>gli</span> <span class='ocrx_word' id='word_1_215' title='bbox 1150 3344 1237 3397; x_wconf 88' lang='lat' dir='ltr'>affari</span> <span class='ocrx_word' id='word_1_216' title='bbox 1264 3342 1359 3397; x_wconf 85' lang='lat' dir='ltr'>intine</span> <span class='ocrx_word' id='word_1_217' title='bbox 1379 3340 1442 3398; x_wconf 87' lang='lat' dir='ltr'>cosi</span> 
     </span>
     <span class='ocr_line' id='line_1_25' title="bbox 230 3419 1442 3492; baseline 0.002 -16"><span class='ocrx_word' id='word_1_218' title='bbox 230 3422 315 3477; x_wconf 88' lang='lat' dir='ltr'>civili</span> <span class='ocrx_word' id='word_1_219' title='bbox 335 3435 419 3476; x_wconf 87' lang='lat' dir='ltr'>come</span> <span class='ocrx_word' id='word_1_220' title='bbox 440 3422 576 3489; x_wconf 85' lang='lat' dir='ltr'>militari,</span> <span class='ocrx_word' id='word_1_221' title='bbox 591 3419 652 3477; x_wconf 86' lang='lat' dir='ltr'>cosi</span> <span class='ocrx_word' id='word_1_222' title='bbox 672 3422 784 3492; x_wconf 89' lang='lat' dir='ltr'>politici</span> <span class='ocrx_word' id='word_1_223' title='bbox 804 3437 888 3477; x_wconf 86' lang='lat' dir='ltr'>come</span> <span class='ocrx_word' id='word_1_224' title='bbox 907 3423 1030 3491; x_wconf 86' lang='lat' dir='ltr'>privati,</span> <span class='ocrx_word' id='word_1_225' title='bbox 1046 3423 1188 3489; x_wconf 81' lang='lat' dir='ltr'>vogliono</span> <span class='ocrx_word' id='word_1_226' title='bbox 1202 3422 1384 3491; x_wconf 80' lang='lat' dir='ltr'>gl‘inganni,</span> <span class='ocrx_word' id='word_1_227' title='bbox 1405 3424 1442 3478; x_wconf 94' lang='lat' dir='ltr'>ed</span> 
     </span>
     <span class='ocr_line' id='line_1_26' title="bbox 230 3500 1442 3572; baseline 0.001 -15"><span class='ocrx_word' id='word_1_228' title='bbox 230 3503 432 3570; x_wconf 81' lang='lat' dir='ltr'>ugualmente</span> <span class='ocrx_word' id='word_1_229' title='bbox 459 3502 664 3571; x_wconf 84' lang='lat' dir='ltr'>ingannatrici</span> <span class='ocrx_word' id='word_1_230' title='bbox 691 3517 764 3558; x_wconf 89' lang='lat' dir='ltr'>sono</span> <span class='ocrx_word' id='word_1_231' title='bbox 793 3503 975 3557; x_wconf 83' lang='lat' dir='ltr'>leaniicizie</span> <span class='ocrx_word' id='word_1_232' title='bbox 1003 3500 1064 3557; x_wconf 87' lang='lat' dir='ltr'>cosi</span> <span class='ocrx_word' id='word_1_233' title='bbox 1085 3503 1132 3559; x_wconf 89' lang='lat' dir='ltr'>dei</span> <span class='ocrx_word' id='word_1_234' title='bbox 1154 3504 1271 3572; x_wconf 90' lang='lat' dir='ltr'>potenti</span> <span class='ocrx_word' id='word_1_235' title='bbox 1290 3517 1374 3558; x_wconf 84' lang='lat' dir='ltr'>corne</span> <span class='ocrx_word' id='word_1_236' title='bbox 1394 3503 1442 3558; x_wconf 91' lang='lat' dir='ltr'>dei</span> 
     </span>
     <span class='ocr_line' id='line_1_27' title="bbox 230 3581 561 3653; baseline 0.003 -16"><span class='ocrx_word' id='word_1_237' title='bbox 230 3581 343 3652; x_wconf 85' lang='lat' dir='ltr'>privati</span> <span class='ocrx_word' id='word_1_238' title='bbox 366 3581 561 3653; x_wconf 80' lang='lat' dir='ltr'><strong>(xth-LH).</strong></span> 
     </span>
    </p>
   </div>
   <div class='ocr_carea' id='block_1_4' title="bbox 485 3756 1120 3833">
    <p class='ocr_par' dir='ltr' id='par_1_4' title="bbox 485 3756 1120 3833">
     <span class='ocr_line' id='line_1_28' title="bbox 485 3756 1120 3833; baseline -0.002 -15"><span class='ocrx_word' id='word_1_239' title='bbox 485 3756 538 3820; x_wconf 92' lang='lat' dir='ltr'>De</span> <span class='ocrx_word' id='word_1_240' title='bbox 564 3756 694 3818; x_wconf 84' lang='lat' dir='ltr'>titulis</span> <span class='ocrx_word' id='word_1_241' title='bbox 723 3758 961 3833; x_wconf 71' lang='lat' dir='ltr'>negotiorum</span> <span class='ocrx_word' id='word_1_242' title='bbox 987 3762 1120 3831; x_wconf 75' lang='lat' dir='ltr'><strong>(XLVH).</strong></span> 
     </span>
    </p>
   </div>
   <div class='ocr_carea' id='block_1_5' title="bbox 184 3923 1441 4545">
    <p class='ocr_par' dir='ltr' id='par_1_5' title="bbox 184 3923 1441 4545">
     <span class='ocr_line' id='line_1_29' title="bbox 184 3923 907 4010; baseline -0.001 -22"><span class='ocrx_word' id='word_1_243' title='bbox 184 3924 202 3988; x_wconf 85' lang='grc'>[1</span> <span class='ocrx_word' id='word_1_244' title='bbox 225 3924 386 3990; x_wconf 66' lang='lat' dir='ltr'>Grumum</span> <span class='ocrx_word' id='word_1_245' title='bbox 409 3960 453 3974; x_wconf 92' lang='lat'>-</span> <span class='ocrx_word' id='word_1_246' title='bbox 476 3924 683 3989; x_wconf 87' lang='lat' dir='ltr'>Procurator</span> <span class='ocrx_word' id='word_1_247' title='bbox 712 3923 801 4010; x_wconf 90' lang='lat' dir='ltr'>regis</span> <span class='ocrx_word' id='word_1_248' title='bbox 825 3945 907 3988; x_wconf 93' lang='lat' dir='ltr'>sum.</span> 
     </span>
     <span class='ocr_line' id='line_1_30' title="bbox 225 4030 783 4116; baseline -0.004 -20"><span class='ocrx_word' id='word_1_249' title='bbox 225 4031 334 4097; x_wconf 76' lang='lat' dir='ltr'>Rario</span> <span class='ocrx_word' id='word_1_250' title='bbox 357 4067 401 4080; x_wconf 95' lang='lat'>-</span> <span class='ocrx_word' id='word_1_251' title='bbox 424 4031 515 4116; x_wconf 84' lang='lat' dir='ltr'>Ergo</span> <span class='ocrx_word' id='word_1_252' title='bbox 539 4030 641 4097; x_wconf 91' lang='lat' dir='ltr'>hostis</span> <span class='ocrx_word' id='word_1_253' title='bbox 664 4030 783 4115; x_wconf 90' lang='lat' dir='ltr'>populi.</span> 
     </span>
     <span class='ocr_line' id='line_1_31' title="bbox 226 4136 762 4203; baseline -0.006 0"><span class='ocrx_word' id='word_1_254' title='bbox 226 4137 265 4203; x_wconf 89' lang='lat' dir='ltr'>G.</span> <span class='ocrx_word' id='word_1_255' title='bbox 290 4173 333 4187; x_wconf 96' lang='lat'>-</span> <span class='ocrx_word' id='word_1_256' title='bbox 357 4137 562 4203; x_wconf 89' lang='lat' dir='ltr'>Procurator</span> <span class='ocrx_word' id='word_1_257' title='bbox 587 4136 656 4203; x_wconf 86' lang='lat' dir='ltr'>fisci</span> <span class='ocrx_word' id='word_1_258' title='bbox 680 4159 762 4202; x_wconf 91' lang='lat' dir='ltr'>sum.</span> 
     </span>
     <span class='ocr_line' id='line_1_32' title="bbox 225 4243 808 4329; baseline 0 -19"><span class='ocrx_word' id='word_1_259' title='bbox 225 4244 267 4310; x_wconf 91' lang='lat' dir='ltr'>R.</span> <span class='ocrx_word' id='word_1_260' title='bbox 291 4280 335 4293; x_wconf 99' lang='lat'>-</span> <span class='ocrx_word' id='word_1_261' title='bbox 359 4244 400 4309; x_wconf 87' lang='lat' dir='ltr'>Et</span> <span class='ocrx_word' id='word_1_262' title='bbox 425 4243 624 4329; x_wconf 90' lang='lat' dir='ltr'>reipublicae</span> <span class='ocrx_word' id='word_1_263' title='bbox 648 4244 808 4310; x_wconf 86' lang='lat' dir='ltr'>inimicus.</span> 
     </span>
     <span class='ocr_line' id='line_1_33' title="bbox 226 4349 974 4436; baseline 0 -20"><span class='ocrx_word' id='word_1_264' title='bbox 226 4350 265 4416; x_wconf 87' lang='lat' dir='ltr'>G.</span> <span class='ocrx_word' id='word_1_265' title='bbox 289 4387 334 4401; x_wconf 98' lang='lat'><em>-</em></span> <span class='ocrx_word' id='word_1_266' title='bbox 358 4350 575 4436; x_wconf 89' lang='lat' dir='ltr'>Negotiorum</span> <span class='ocrx_word' id='word_1_267' title='bbox 600 4349 739 4435; x_wconf 83' lang='lat' dir='ltr'>gest0r¹¹</span> <span class='ocrx_word' id='word_1_268' title='bbox 755 4351 867 4435; x_wconf 88' lang='lat' dir='ltr'>regius</span> <span class='ocrx_word' id='word_1_269' title='bbox 892 4373 974 4417; x_wconf 89' lang='lat' dir='ltr'>sum.</span> 
     </span>
     <span class='ocr_line' id='line_1_34' title="bbox 184 4443 1441 4545; baseline 0.003 -22"><span class='ocrx_word' id='word_1_270' title='bbox 184 4459 201 4523; x_wconf 82' lang='lat'><strong>5</strong></span> <span class='ocrx_word' id='word_1_271' title='bbox 225 4458 266 4524; x_wconf 91' lang='lat' dir='ltr'>R.</span> <span class='ocrx_word' id='word_1_272' title='bbox 290 4494 335 4509; x_wconf 94' lang='lat'><em>-</em></span> <span class='ocrx_word' id='word_1_273' title='bbox 358 4457 425 4524; x_wconf 88' lang='lat' dir='ltr'>Sua</span> <span class='ocrx_word' id='word_1_274' title='bbox 447 4457 580 4543; x_wconf 90' lang='lat' dir='ltr'>negotia</span> <span class='ocrx_word' id='word_1_275' title='bbox 604 4478 726 4542; x_wconf 88' lang='lat' dir='ltr'>gerere</span> <span class='ocrx_word' id='word_1_276' title='bbox 750 4448 952 4524; x_wconf 88' lang='lat' dir='ltr'>laboriosum</span> <span class='ocrx_word' id='word_1_277' title='bbox 975 4443 1038 4525; x_wconf 86' lang='lat' dir='ltr'>est:</span> <span class='ocrx_word' id='word_1_278' title='bbox 1063 4460 1140 4545; x_wconf 89' lang='lat' dir='ltr'>quid</span> <span class='ocrx_word' id='word_1_279' title='bbox 1168 4481 1304 4527; x_wconf 87' lang='lat' dir='ltr'>censeas</span> <span class='ocrx_word' id='word_1_280' title='bbox 1333 4460 1441 4528; x_wconf 87' lang='lat' dir='ltr'>aliena</span> 
     </span>
    </p>
   </div>
   <div class='ocr_carea' id='block_1_6' title="bbox 294 4565 1534 4653">
    <p class='ocr_par' dir='ltr' id='par_1_6' title="bbox 294 4565 1534 4653">
     <span class='ocr_line' id='line_1_35' title="bbox 294 4565 1534 4653; baseline 0.004 -24"><span class='ocrx_word' id='word_1_281' title='bbox 294 4565 537 4651; x_wconf 89' lang='lat' dir='ltr'>praecipueque</span> <span class='ocrx_word' id='word_1_282' title='bbox 560 4572 739 4650; x_wconf 84' lang='lat' dir='ltr'>potentum,</span> <span class='ocrx_word' id='word_1_283' title='bbox 763 4566 881 4651; x_wconf 90' lang='lat' dir='ltr'>quibus</span> <span class='ocrx_word' id='word_1_284' title='bbox 905 4566 1066 4652; x_wconf 89' lang='lat' dir='ltr'>placuisse</span> <span class='ocrx_word' id='word_1_285' title='bbox 1095 4576 1252 4653; x_wconf 89' lang='lat' dir='ltr'>perpetua</span> <span class='ocrx_word' id='word_1_286' title='bbox 1287 4570 1442 4652; x_wconf 88' lang='lat' dir='ltr'>servitus,</span> <span class='ocrx_word' id='word_1_287' title='bbox 1530 4591 1534 4600; x_wconf 93' lang='lat'>·</span> 
     </span>
    </p>
   </div>
   <div class='ocr_carea' id='block_1_7' title="bbox 293 4672 1442 4867">
    <p class='ocr_par' dir='ltr' id='par_1_7' title="bbox 293 4672 1442 4867">
     <span class='ocr_line' id='line_1_36' title="bbox 293 4672 1442 4763; baseline 0.004 -25"><span class='ocrx_word' id='word_1_288' title='bbox 293 4672 494 4758; x_wconf 90' lang='lat' dir='ltr'>displicuisse</span> <span class='ocrx_word' id='word_1_289' title='bbox 517 4673 703 4755; x_wconf 89' lang='lat' dir='ltr'>discrimen,</span> <span class='ocrx_word' id='word_1_290' title='bbox 727 4674 938 4759; x_wconf 90' lang='lat' dir='ltr'>supercilium</span> <span class='ocrx_word' id='word_1_291' title='bbox 963 4695 1100 4760; x_wconf 87' lang='lat' dir='ltr'>gravem</span> <span class='ocrx_word' id='word_1_292' title='bbox 1137 4684 1354 4762; x_wconf 86' lang='lat' dir='ltr'>paratumque</span> <span class='ocrx_word' id='word_1_293' title='bbox 1382 4698 1442 4763; x_wconf 91' lang='lat' dir='ltr'>pro</span> 
     </span>
     <span class='ocr_line' id='line_1_37' title="bbox 294 4778 924 4867; baseline 0.003 -22"><span class='ocrx_word' id='word_1_294' title='bbox 294 4778 358 4846; x_wconf 90' lang='lat' dir='ltr'>levi</span> <span class='ocrx_word' id='word_1_295' title='bbox 383 4781 483 4847; x_wconf 88' lang='lat' dir='ltr'>etiam</span> <span class='ocrx_word' id='word_1_296' title='bbox 506 4778 685 4847; x_wconf 88' lang='lat' dir='ltr'>offensione</span> <span class='ocrx_word' id='word_1_297' title='bbox 709 4781 924 4867; x_wconf 80' lang='lat' dir='ltr'>suppliciuml</span> 
     </span>
    </p>
   </div>
   <div class='ocr_carea' id='block_1_8' title="bbox 226 4888 708 4979">
    <p class='ocr_par' dir='ltr' id='par_1_8' title="bbox 226 4888 708 4979">
     <span class='ocr_line' id='line_1_38' title="bbox 226 4888 708 4979; baseline -0.006 -20"><span class='ocrx_word' id='word_1_298' title='bbox 226 4889 265 4959; x_wconf 85' lang='lat' dir='ltr'>G.</span> <span class='ocrx_word' id='word_1_299' title='bbox 290 4925 335 4942; x_wconf 94' lang='lat'><em>-</em></span> <span class='ocrx_word' id='word_1_300' title='bbox 358 4888 497 4977; x_wconf 84' lang='lat' dir='ltr'>Negotia</span> <span class='ocrx_word' id='word_1_301' title='bbox 520 4888 610 4979; x_wconf 87' lang='lat' dir='ltr'>regis</span> <span class='ocrx_word' id='word_1_302' title='bbox 634 4908 708 4978; x_wconf 86' lang='lat' dir='ltr'>ago.</span> 
     </span>
    </p>
   </div>
   <div class='ocr_carea' id='block_1_9' title="bbox 0 0 1648 5750">
    <p class='ocr_par' dir='ltr' id='par_1_9' title="bbox 0 0 1648 5750">
     <span class='ocr_line' id='line_1_39' title="bbox 0 0 1648 5750; baseline 0 0"><span class='ocrx_word' id='word_1_303' title='bbox 0 0 1648 5750; x_wconf 95' lang='lat' dir='ltr'> </span> 
     </span>
    </p>
   </div>
  </div>
 </body>
</html>
