3284 5750
651 469 656 472 .
1325 461 1331 466 .
1407 423 1455 489 Ἢ,

198 523 240 590 34
650 539 836 586 nannunsco
860 539 1030 585 Parnason
1398 444 1417 527 g
1452 507 1455 525 ⁵

194 717 261 785 385
284 717 346 783 Ehi
370 716 470 782 mihi!
498 717 571 793 Quo
595 737 683 783 nunc
706 717 813 783 fessus
837 716 936 782 eaml
962 715 1088 792 Quibus
1112 715 1233 781 anxius
1256 715 1382 781 umbris

286 825 463 891 Recreerl
488 826 556 891 Aut
579 823 634 889 ubi
658 824 723 890 iam
747 823 859 889 senior
883 843 970 889 nova
993 821 1142 888 carmina
1166 821 1327 889 cantem?

287 931 357 997 lllic
380 937 476 997 notus
501 952 604 998 eram.
630 932 702 1007 Quo
725 951 814 996 nunc
837 950 943 1016 vagus
967 929 1049 994 orbe
1073 927 1258 1013 requirarl

288 1040 381 1114 Quae
404 1058 458 1105 me
481 1045 575 1104 terra
599 1036 710 1122 capiti
734 1038 835 1103 Potes
858 1036 899 1102 ad
922 1043 980 1102 tua
1003 1036 1123 1102 damna
1148 1035 1275 1101 reverti

286 1143 416 1224 Infelix,
440 1164 637 1231 sparsasque
661 1144 730 1209 solo
757 1144 957 1228 conquirere
979 1141 1124 1220 frondes,

200 1251 266 1317 390
289 1252 331 1318 Et
353 1253 484 1317 laceros
506 1271 626 1332 ramos,
651 1258 684 1317 et
707 1250 772 1316 iam
796 1250 868 1316 sine
893 1248 1017 1316 cortice
1040 1255 1198 1316 truncum

283 1357 456 1442 Amplecti,
480 1356 692 1441 lacrimisque
715 1356 846 1422 arentia
871 1356 1022 1422 membra
1046 1355 1171 1441 rigare.

285 1464 358 1542 Ibis,
383 1485 425 1530 an
448 1465 576 1550 ignotas
599 1464 706 1550 fugies
730 1464 912 1530 moriturus
937 1463 970 1528 in
994 1464 1099 1528 oras?

286 1571 479 1652 Infaustum,
504 1571 670 1656 vivaxque
694 1570 812 1656 caput!
838 1568 1026 1636 dulcissima
1050 1589 1167 1636 rerum

286 1678 366 1762 Spes
390 1676 478 1743 abiit.
503 1676 588 1753 Quid
613 1676 678 1742 vita
702 1696 840 1742 manens
863 1675 970 1742 invisa
992 1675 1145 1742 fruenti?

197 1782 264 1852 395
287 1783 371 1859 Quid
394 1782 532 1869 fragilis,
557 1785 732 1868 lentusque
756 1783 860 1864 dolor,
882 1782 1080 1869 praecordia
1104 1782 1248 1850 versasl

749 1935 928 2000 Socnnrns,
943 1908 946 1914 ¹

289 2064 461 2146 pertimui,
485 2067 649 2151 longeque
673 2065 761 2131 aliud
785 2072 818 2132 te
841 2064 925 2132 flere
949 2065 1069 2152 putavi.

753 2218 933 2283 vaanns.

290 2350 374 2429 Heu,
399 2350 486 2416 heu!
510 2370 616 2436 parva
639 2349 741 2436 igitur
765 2349 865 2417 flendi
888 2349 945 2417 tibi
969 2371 1069 2417 causa
1093 2351 1253 2418 videturl

755 2501 932 2568 Socaarns
956 2511 963 2535 ³

289 2635 387 2699 Nulla
411 2632 542 2719 quidem
567 2634 694 2719 potius3
719 2633 901 2699 lacrimosis
924 2655 1025 2721 parce
1048 2635 1211 2722 querelis:

287 2740 347 2806 Est
370 2739 463 2810 dolor
488 2759 592 2824 nsque
615 2741 746 2825 loquax.
770 2741 919 2805 Laurum
944 2761 1011 2808 non
1033 2743 1145 2807 Eurus
1169 2748 1203 2807 et
1226 2742 1362 2820 Auster,

200 2845 266 2912 400
290 2846 352 2914 Sed
376 2846 487 2933 superi
510 2866 656 2934 rapuere
679 2867 820 2929 sacram,
846 2853 879 2913 et
902 2846 1052 2915 felicibus
1076 2847 1167 2914 arvis

289 2956 467 3021 inseruere
490 2954 569 3022 Dei:
594 2976 654 3041 par
678 2954 809 3021 corticis
841 2954 896 3021 illa
921 2955 1035 3022 caduci

290 3060 459 3148 Opperiit;
484 3082 561 3148 pars
584 3061 714 3128 radices
737 3061 886 3129 vivacior
909 3062 987 3149 egit,

230 3224 233 3228 .
289 3167 485 3254 Elysiosque
508 3188 595 3234 novo
618 3168 773 3234 fecundat
796 3168 948 3254 germine
971 3189 1114 3254 campos.

289 3274 442 3341 Vidimus
464 3274 515 3341 his
539 3275 642 3343 oculis
666 3276 820 3362 Superos,
846 3278 1003 3363 Sylvane,
1029 3277 1193 3344 verendos

202 3378 269 3446 405
289 3380 426 3449 Leniter
449 3383 600 3450 avulsam
624 3382 752 3450 meliori
776 3383 811 3448 in
835 3389 930 3469 parte
955 3384 1109 3450 locantes.

753 3537 932 3602 vannns.

287 3666 433 3733 Vidistil
457 3668 510 3734 An
534 3674 658 3734 maesto
681 3670 831 3736 solamen
855 3667 952 3755 fingis
975 3669 1107 3736 amicot

755 3820 932 3888 Socnarns,

288 3952 367 4020 Vidi
390 3953 557 4039 equidem;
582 3959 616 4020 et
639 3959 807 4041 comperta
832 3955 959 4041 loquor.
984 3954 1138 4042 Vestigia
1160 3959 1301 4045 supplex

290 4060 512 4146 Consequere,
537 4082 576 4127 ac
600 4081 740 4147 precare
765 4062 899 4144 aditum,
925 4062 1104 4149 verbisque
1128 4071 1245 4131 caveto

290 4165 451 4233 Invidiam
475 4165 622 4233 conflare
646 4168 743 4235 Deis:
769 4169 855 4254 quod
878 4169 1048 4236 honestius
1072 4175 1158 4256 opta,

201 4273 267 4339 410
290 4271 448 4341 Transire
470 4272 506 4339 in
527 4279 648 4359 terras,
673 4274 728 4340 ubi
752 4295 842 4341 nunc
865 4280 922 4342 tua
946 4276 1053 4362 gloria
1076 4277 1169 4343 vivit.
1256 4305 1258 4307 ’

752 4425 930 4493 vaanns

200 4557 264 4623 411
289 4554 339 4622 Dii
362 4554 493 4635 faciant,
517 4576 659 4645 precor:
685 4577 763 4625 ecoe
787 4559 919 4626 humilis
942 4580 1139 4648 semperque
1167 4564 1340 4648 precabor.
