3284 5750
202 544 264 611 164
649 560 841 610 rmnmcmsco
869 560 1039 609 PETRARcA

287 740 469 807 obnoxius:
495 739 631 824 ideoque
654 759 788 805 carmen
823 739 902 804 illud
930 745 1022 805 tuum
1045 738 1272 806 laudatorium
1294 740 1455 826 amplector,

286 856 318 914 et
345 847 515 913 laudatum
554 846 620 912 illic
658 853 770 912 vatem
810 846 879 931 ipse
917 867 1044 932 quoque
1076 847 1236 915 collaudo.
1276 850 1313 913 In
1346 869 1457 914 excusa·

287 951 401 1020 toria²⁷
424 960 534 1019 autem
563 953 702 1038 epistula
726 953 806 1017 nihil
830 959 880 1018 est
903 973 967 1038 quo
992 973 1139 1035 movear,
1169 954 1230 1020 nisi
1255 956 1340 1040 quod
1362 976 1454 1040 parum

286 1062 342 1127 tihi
377 1081 466 1125 nunc
502 1061 600 1126 etiarn
624 1067 718 1126 notus
755 1060 834 1141 sim,
867 1060 918 1126 cui
953 1079 1007 1125 me
1042 1060 1138 1146 plane
1167 1061 1369 1128 notissimum
1390 1062 1456 1128 arbi-

219 1168 241 1234 5
285 1168 409 1235 trabar.
434 1168 525 1252 Ergo
556 1186 618 1252 ego
653 1167 823 1232 clarorum
857 1167 1025 1232 hominurn
1056 1168 1207 1234 laudibus
1236 1190 1302 1234 non
1327 1170 1455 1249 delecter,

287 1275 390 1341 immo
409 1280 442 1340 et
465 1273 618 1360 glorierl
643 1273 751 1340 Crede
776 1274 877 1339 mibi:
903 1274 985 1338 nihil
1008 1295 1026 1340 a
1052 1295 1106 1341 me
1129 1275 1274 1362 longius,
1293 1277 1380 1342 nulla
1402 1276 1458 1341 mihi

285 1382 384 1469 pestis
408 1381 551 1468 ignotior
574 1381 696 1446 invidia
720 1389 791 1458 est;
815 1381 894 1468 quin
914 1382 1019 1467 potius
1042 1381 1129 1470 (vide
1145 1405 1245 1469 quam
1269 1385 1381 1471 procul
1401 1385 1456 1449 indo

286 1489 403 1576 absim)
436 1494 655 1554 scrutatorem
690 1488 848 1554 montium
884 1491 986 1554 Deum
1020 1496 1135 1570 testor,
1161 1492 1218 1557 vix
1260 1513 1312 1558 me
1334 1492 1456 1558 aliudin

287 1597 355 1663 vita
378 1595 514 1680 gravius
538 1595 612 1681 pati,
643 1616 742 1681 quam
765 1597 851 1680 quod
879 1597 1101 1664 benemeritos
1129 1606 1163 1665 et
1186 1598 1314 1685 gloriae
1337 1606 1367 1665 et
1388 1619 1456 1685 prac-

119 1708 122 1713 '
201 1704 245 1771 10
290 1704 346 1769 mii
370 1703 475 1769 omnis
510 1709 662 1788 expertes
687 1703 803 1775 video:
842 1724 907 1770 non
930 1705 1017 1790 quod
1052 1713 1108 1772 aut
1131 1707 1208 1772 hinc
1238 1708 1387 1773 damnum
1406 1707 1454 1791 ipso

290 1810 458 1896 proprium
482 1830 617 1894 querar,
642 1817 697 1876 aut
721 1811 893 1877 contrario
917 1811 1049 1877 lucrum
1078 1833 1221 1898 sperem,
1246 1814 1301 1880 sed
1325 1814 1452 1901 publicam

289 1923 414 1983 sortem
436 1915 509 1997 fleo,
533 1916 572 1981 ad
598 1916 756 1983 obscenas
790 1920 878 1984 artes
910 1918 1126 1984 honestarum
1149 1922 1299 2005 praemia
1321 1921 1448 1988 translata

286 2022 498 2108 conspiciens
534 2023 602 2088 Etsi
628 2042 694 2088 non
729 2023 791 2088 sim
814 2024 955 2100 nescius
995 2024 1080 2110 quod
1104 2027 1256 2111 quamvis
1289 2027 1447 2093 meritorum

288 2129 392 2216 gloria
416 2129 457 2193 ad
481 2128 630 2194 merendi
654 2129 796 2195 studium
820 2130 946 2196 animos
970 2131 1102 2213 excitet,
1126 2153 1207 2197 vera
1231 2140 1342 2199 tamen
1363 2134 1445 2206 virtus,

202 2239 245 2303 15
289 2244 325 2303 ut
346 2235 544 2321 pbilosophis
578 2235 694 2321 placet,
725 2236 793 2322 ipsa
830 2237 890 2302 sihi
913 2237 1074 2315 stimulus,
1099 2239 1168 2325 ipsa
1203 2247 1253 2307 est
1283 2240 1442 2327 praemium,

287 2344 356 2429 ipsa
381 2341 440 2407 sibi
465 2362 582 2407 cursus
614 2349 647 2408 et
670 2341 861 2409 braviumffl:
887 2344 1024 2428 proinde
1047 2345 1121 2430 quia
1144 2352 1181 2411 tu
1205 2347 1284 2412 mihi
1309 2345 1445 2413 materian
1471 2386 1475 2429 ·.

235 2514 237 2518 .
288 2449 440 2532 obtulisti,
465 2470 564 2534 quarn
587 2449 796 2534 quaesiturus
820 2457 936 2536 sponte
959 2471 1026 2516 non
1049 2452 1187 2530 fueram,
1211 2453 1292 2520 libet
1315 2454 1441 2529 insistere,

287 2564 324 2624 ut
359 2577 425 2623 non
460 2563 586 2623 tantum
621 2557 719 2638 falso,
755 2557 839 2624 sicut
874 2557 915 2623 de
949 2578 985 2624 se
1020 2558 1089 2643 ipso
1126 2565 1159 2625 et
1194 2561 1319 2627 Seneca
1352 2555 1445 2637 Quinti·

287 2662 424 2730 liauus²⁹
457 2664 523 2745 ait,
559 2664 616 2730 sed
646 2663 799 2730 insidiose
838 2664 935 2730 etiarn
967 2664 1161 2751 penitusque
1198 2667 1358 2734 malevole
1386 2660 1446 2750 apul
1476 2718 1479 2731 .

198 2771 242 2837 20
287 2771 406 2837 multos
441 2771 481 2836 de
505 2791 558 2836 me
584 2771 750 2857 vulgatam
774 2771 961 2857 opinionem
990 2772 1025 2836 in
1047 2771 1166 2838 iudicio
1190 2773 1252 2839 visi
1287 2775 1370 2841 illius
1388 2766 1448 2856 apul

287 2885 321 2946 te
357 2899 459 2944 unum
489 2885 522 2945 et
556 2899 615 2964 per
650 2885 683 2945 ῖθ
711 2880 796 2965 apud
833 2880 914 2945 alios
949 2900 1141 2965 expurgem.
1177 2882 1295 2950 Dicunt
1318 2873 1449 2963 euinqui

287 3007 340 3052 me
364 2986 514 3067 oderunt,
550 3007 601 3051 me
636 2986 728 3051 illum
763 2987 869 3052 odisse
904 2993 1003 3072 atque
1030 2993 1261 3072 contemnere,
1284 2998 1321 3057 ut
1354 2988 1400 3055 rel
1420 2984 1451 3049 sic

287 3093 366 3158 mihi
401 3093 474 3159 odia
509 3093 696 3177 vulgarium
731 3092 892 3173 conflent,
916 3095 1031 3179 quibus
1054 3096 1297 3180 acceptissimus
1332 3098 1382 3162 ille
1411 3097 1452 3159 est.

287 3202 417 3266 Novum
453 3200 614 3284 nequitiae
648 3221 751 3285 genus
789 3207 822 3266 et
855 3200 1015 3266 mirabilis
1057 3222 1114 3266 ars
1148 3204 1299 3270 nocendi.
1335 3206 1387 3269 His
1412 3216 1455 3288 pro

196 3307 240 3373 25
286 3326 338 3371 me
362 3306 483 3372 veritas
499 3306 568 3391 ipsa
592 3307 806 3391 respondeat,
826 3309 863 3372 ln
887 3307 1001 3392 primis
1022 3307 1151 3391 quidem
1175 3308 1240 3374 odii
1264 3330 1363 3376 causa
1385 3324 1458 3395 pror·
1500 3317 1501 3350 ³

286 3435 341 3479 sus
364 3414 455 3479 nulla
479 3420 530 3479 est
553 3434 635 3499 erga
672 3414 839 3480 hominem
862 3435 1032 3499 nunquam
1063 3414 1143 3479 mihi
1166 3415 1229 3480 nisi
1252 3419 1365 3500 semel,
1385 3416 1460 3500 idqm
1500 3437 1501 3442 ¹

284 3522 390 3608 prima
413 3522 577 3607 pueritiae
617 3541 711 3587 meae
736 3527 829 3606 parte
870 3527 1098 3587 monstratum.
1125 3521 1207 3587 Curn
1231 3544 1295 3591 avo
1323 3531 1463 3611 patreque

284 3649 358 3694 meo
382 3628 464 3694 vixit
487 3647 550 3693 avo
574 3626 690 3709 minor,
720 3634 847 3712 patrem
873 3635 984 3692 autem
1008 3633 1086 3693 natu
1111 3628 1226 3705 maior,
1252 3652 1330 3697 cum
1353 3652 1415 3717 qpo
1435 3627 1466 3694 si·

283 3736 351 3801 mul
377 3756 441 3800 una
465 3736 516 3800 die
533 3742 631 3820 atque
652 3754 717 3799 uno
735 3734 822 3799 civili
841 3734 972 3800 turbine
992 3734 1104 3819 patriis
1121 3734 1239 3802 finibus
1257 3739 1370 3822 pulsus
1386 3733 1469 3815 foul,

194 3841 238 3906 30
283 3862 348 3928 quo
371 3847 521 3926 tempore
544 3841 632 3907 inter
650 3841 824 3926 participes
849 3861 1088 3906 aerumnarum
1117 3862 1258 3927 magnae
1282 3865 1381 3931 saepe
1405 3864 1471 3911 con·

283 3950 461 4014 trahuntur
495 3948 677 4015 amicitiae:
703 3949 799 4033 idque
824 3949 877 4014 vel
906 3948 1049 4014 maxime
1074 3948 1161 4014 inter
1198 3949 1272 4015 illos
1297 3953 1424 4030 accidit,
1447 3955 1475 4016 ut

283 4055 400 4140 quibus
424 4062 511 4122 esset
546 4061 680 4139 praeter
702 4054 843 4119 similem
878 4054 1056 4130 fortunam,
1085 4054 1271 4121 studiorum
1303 4065 1337 4124 et
1360 4055 1475 4144 ingenii

286 4161 387 4227 multa
411 4160 605 4236 similitudo;
631 4161 691 4225 nisi
715 4160 799 4246 quod
816 4161 915 4227 exilio
939 4160 991 4227 cui
1009 4166 1103 4245 pater
1126 4162 1160 4226 in
1175 4161 1258 4228 alias
1281 4184 1381 4231 curas
1407 4186 1476 4231 ver-

285 4288 340 4333 sus
364 4273 396 4334 θῖ
412 4266 556 4332 familiae
581 4267 736 4334 sollicitus
754 4268 860 4350 cessit,
884 4269 941 4333 ille
959 4267 1091 4346 obstitit,
1109 4275 1142 4335 θῖ
1162 4274 1231 4335 turn
1258 4272 1480 4339 vehementius

198 4374 242 4441 35
288 4382 402 4461 coepto
426 4375 584 4452 incubuit,
622 4376 768 4441 omnium
792 4375 965 4462 negligens
1001 4375 1167 4461 soliusque
1193 4377 1304 4445 lamae
1340 4379 1481 4467 cupidus.

285 4484 323 4548 In
346 4502 411 4568 quo
445 4481 539 4546 illum
562 4482 639 4547 satis
675 4482 791 4547 mirari
816 4488 849 4548 et
873 4481 1010 4552 laudare
1048 4482 1104 4547 vix
1128 4483 1267 4562 valeam,
1294 4506 1396 4570 quem
1420 4506 1482 4553 non

287 4588 409 4665 civium
444 4588 576 4681 iniuria,
602 4608 667 4663 non
703 4588 847 4673 exilium,
879 4609 945 4655 non
981 4597 1167 4682 paupertas,
1192 4610 1260 4662 nou
1282 4592 1483 4663 simultatum
