3284 5750
453 873 900 975 l'l'lNEllARlUll
957 868 1334 975 SYRIACUM*

786 1118 999 1126 ..-----.-.-.-

250 1298 272 1353 ΙΙ
291 1300 431 1353 petrarca
450 1297 517 1353 loda
536 1298 687 1353 Giovanni
706 1297 742 1352 da
761 1297 912 1353 Mandello
939 1312 994 1367 per
1013 1302 1120 1366 questo
1146 1311 1201 1352 suo
1229 1297 1355 1365 viaggio
1383 1297 1416 1351 in
1435 1299 1528 1351 Terra-

321 1385 407 1434 santa
427 1379 523 1446 (1-50).
553 1380 612 1435 Sua
642 1379 814 1433 intenzione
842 1393 893 1432 era
922 1378 952 1433 di
980 1391 1216 1447 accompagnare
1244 1377 1379 1442 l'ami00‚
1399 1391 1449 1431 ma
1475 1391 1526 1430 non

319 1458 480 1528 potendolo
500 1459 574 1524 saro,
595 1458 638 1525 gli
658 1456 694 1512 dal
709 1473 725 1512 a
738 1471 905 1527 compagno
918 1464 1025 1528 questo
1045 1471 1100 1511 suo
1116 1456 1300 1512 scritterello
1314 1458 1383 1525 (90).
1399 1456 1527 1511 Descrive

321 1539 350 1593 la
369 1539 467 1606 prima
490 1545 578 1608 tappa
597 1538 645 1593 del
667 1539 796 1606 vlaggio,
818 1541 940 1593 Genova
961 1539 1046 1607 (138).

430 1699 661 1785 Ingrediamur
685 1719 768 1765 vero
791 1699 858 1765 iam
880 1701 1012 1766 tandem
1043 1701 1108 1767 iter
1132 1700 1204 1782 hoc,
1229 1706 1262 1766 et
1288 1698 1417 1765 media1
1439 1718 1524 1784 prae

340 1807 491 1887 terrecti,
516 1826 601 1891 quae
625 1806 754 1872 assidue
779 1807 925 1872 subiecta
941 1808 1044 1873 oculis
1060 1808 1230 1873 inculcare
1254 1807 1395 1872 auribus
1419 1826 1524 1891 super·

342 1933 483 1977 vacuum
519 1918 578 1990 est,
616 1912 759 1976 nondum
794 1912 850 1978 tibi
877 1913 991 1994 visam,
1021 1922 1057 1980 ut
1091 1914 1148 1995 ais,
1181 1915 1322 1979 Januam
1354 1913 1524 1978 veniamus.

344 2019 480 2085 Videbis
504 2040 586 2105 ergo
610 2019 820 2105 imperiosam
845 2021 963 2086 urbem
987 2021 1123 2104 lapidosi
1146 2021 1238 2086 collis
1262 2020 1297 2085 in
1320 2020 1438 2101 latere,
1465 2026 1525 2084 tur-

275 2127 297 2191 5
342 2128 434 2192 ribus
458 2133 491 2192 et
524 2127 692 2191 moenibus
722 2128 911 2211 superbam,
935 2149 1032 2212 quam
1065 2128 1230 2192 dominam
1258 2127 1361 2192 maris
1385 2134 1525 2211 aspectus

343 2233 411 2319 ipse
447 2232 668 2319 pronunciat².
705 2234 771 2300 Sua
808 2234 868 2297 sibi
903 2235 1058 2320 potentia,
1097 2235 1182 2320 quod
1216 2221 1328 2300 multis
1364 2233 1427 2298 iam
1459 2234 1553 2319 iecit

341 2341 477 2406 urbibus
502 2342 607 2406 obstat
624 2347 722 2425 atque
746 2340 854 2422 officit,
872 2341 957 2427 iugis
983 2341 1069 2408 unde
1093 2341 1231 2408 materia
1255 2341 1404 2406 civilium
1423 2340 1527 2405 simul·

343 2455 459 2514 tatum·
482 2455 594 2514 scatet.
619 2454 801 2514 Auctorem
829 2449 920 2513 urbis
944 2456 977 2515 et
999 2448 1140 2515 nominis
1163 2449 1283 2513 Janum
1314 2448 1438 2524 ferunt,
1470 2447 1529 2533 pri-

344 2577 443 2637 mum,
463 2562 498 2620 ut
520 2555 714 2639 quibusdam
739 2555 853 2639 placet,
880 2555 991 2620 ltaliae
1021 2576 1148 2642 regem.
1167 2555 1260 2631 Quod
1286 2554 1397 2620 auita
1424 2555 1528 2636 sitan

137 2706 142 2713 ·
258 2665 300 2728 10
346 2664 414 2748 ipse
438 2663 518 2729 situs
554 2662 627 2727 urbi
664 2681 784 2727 nomen
808 2662 945 2743 dederit,
971 2662 1056 2748 quod
1079 2662 1183 2728 nostri
1207 2662 1297 2727 orbis
1321 2661 1414 2746 quasi
1439 2661 1530 2727 ianua

343 2770 502 2854 quaedam
527 2790 599 2835 θεεθ
630 2769 782 2834 videatur
818 2769 995 2834 incertum·
1013 2771 1129 2835 habeo.
1153 2769 1269 2834 Prima
1303 2769 1348 2833 ibi
1372 2769 1531 2834 celebrior

343 2878 451 2963 opinio
475 2884 533 2958 est,
552 2884 586 2943 et
609 2876 642 2941 in
667 2874 831 2942 chronicis
855 2897 970 2943 eorum
994 2876 1126 2962 scripta,
1159 2885 1192 2942 et
1216 2874 1353 2961 publicis
1374 2876 1531 2961 insculpta

342 2984 572 3050 monumentis.
601 2982 741 3068 Utrique
779 2991 890 3049 autem
925 2983 1005 3048 illud
1033 2984 1149 3065 obstat,
1174 2982 1259 3067 quod
1291 2982 1378 3067 apud
1403 2990 1530 3049 veteres

342 3110 408 3155 non
432 3091 561 3155 Januae
584 3089 641 3154 sed
665 3090 802 3154 Genuae
827 3110 948 3154 nomen
970 3090 1003 3153 in
1027 3110 1089 3153 usu
1114 3095 1172 3154 est.
1198 3088 1303 3181 Huius
1328 3109 1411 3154 sane
1435 3090 1530 3154 multa

254 3197 297 3261 15
343 3197 490 3262 recentia
514 3202 547 3261 et
577 3195 803 3261 memorabilia
839 3196 900 3262 dici
941 3200 1084 3281 possunt,
1109 3215 1193 3280 quae
1217 3201 1405 3280 praetereo,
1431 3214 1531 3280 neque

342 3304 429 3368 euim
452 3304 560 3368 scribo
584 3323 673 3368 nunc
696 3303 877 3378 historiam,
902 3302 959 3367 sed
977 3304 1047 3367 loca
1073 3302 1222 3368 describo
1241 3322 1248 3378 ;
1273 3301 1410 3386 antiqua
1428 3309 1532 3367 autem

342 3411 508 3496 pauciora,
534 3410 620 3495 quod
644 3429 708 3474 non
741 3430 872 3495 semper
895 3411 968 3486 hoc,
992 3410 1048 3475 sed
1079 3416 1239 3495 quantum
1262 3409 1454 3495 intelligere
1477 3416 1531 3485 est,

342 3516 433 3603 prius
458 3524 555 3602 caput
583 3516 689 3602 gentis
720 3515 962 3601 Albigaunum3
991 3517 1111 3581 fuerat.
1142 3517 1213 3600 lpsa
1240 3515 1373 3600 quidem
1411 3516 1451 3582 de
1474 3535 1532 3601 qua

343 3626 459 3709 loquor
484 3624 601 3699 Janua‚
626 3623 830 3708 temporibus
853 3622 929 3688 belli
955 3623 1064 3707 punici
1087 3621 1220 3687 secundi
1244 3643 1263 3686 a
1285 3618 1533 3706 Carthaginien

253 3732 296 3796 20
342 3731 431 3796 sibus
455 3728 585 3811 eversa,
610 3750 629 3794 a
654 3730 799 3794 romanis
823 3728 959 3794 ducibus
984 3728 1136 3795 restituta
1161 3734 1219 3794 est.
1239 3730 1274 3792 ln
1299 3750 1364 3813 qua
1389 3735 1424 3795 tu
1450 3747 1532 3793 nunc

342 3844 375 3903 et
398 3838 508 3924 populi
531 3836 677 3901 habitum
714 3843 746 3902 et
780 3836 930 3902 locorum
965 3836 1064 3903 situm
1100 3842 1134 3901 et
1168 3834 1398 3902 aedificiorum
1428 3837 1532 3915 decus,

343 3950 441 4028 atque
465 3942 637 4028 inprimis
661 3942 800 4007 classem
825 3941 927 4023 vides,
952 3942 1077 4007 eunctis
1105 3941 1290 4007 terribilem
1314 3926 1534 4008 tremendam-

343 4070 407 4135 que
430 4050 591 4131 litoribus,
618 4056 686 4114 tum
718 4048 839 4114 molem
871 4050 987 4134 pelago
1019 4048 1191 4131 obiectam,
1217 4054 1416 4134 portumque
1440 4050 1533 4112 mira-

343 4159 439 4239 bere,
475 4178 576 4222 manu
600 4158 737 4235 lactum,
761 4156 994 4221 inextimabilis
1019 4161 1184 4242 sumptuS,
1220 4154 1369 4222 infinitae
1405 4175 1531 4241 operae,

326 4424 343 4462 *
362 4427 419 4481 Per
437 4426 459 4481 il
478 4430 555 4480 testo
577 4424 604 4478 ci
626 4424 721 4478 siamo
740 4423 872 4478 attenuti
891 4438 908 4477 a
930 4424 962 4478 G.
983 4424 1156 4492 Lousnoso,
1176 4421 1321 4479 Menelao
1342 4422 1472 4479 italiana
1491 4422 1534 4477 det

256 4508 337 4565 boon
355 4508 452 4579 tempo
470 4503 582 4570 antico,
602 4517 631 4575 p.
645 4505 687 4558 16.
707 4503 817 4560 Torino
838 4503 916 4560 1889.
