3284 5750
727 911 846 963 elmlea

230 1095 355 1160 Forma
379 1093 453 1159 viro
476 1092 594 1160 dilecta
617 1093 713 1178 uago.
738 1093 933 1178 Fulgentior
956 1112 1039 1158 auro

232 1201 396 1282 Quolibet,
421 1206 454 1266 et
477 1199 553 1265 solis
578 1199 677 1264 radiis
701 1200 832 1265 factura
857 1199 1017 1284 pudorem
1068 1277 1070 1282 Ι

234 1306 409 1373 Caesaries
434 1305 620 1392 spargenda
644 1306 707 1371 levi
733 1306 896 1391 pendebat
923 1307 964 1370 ab
989 1326 1071 1371 aura

234 1413 325 1478 Colla
349 1433 460 1498 super,
487 1421 579 1479 recto
602 1432 687 1498 quae
711 1412 833 1477 sensim
856 1411 960 1478 lactea
988 1418 1096 1478 tractu

234 1520 434 1605 Surgebant‚
459 1519 679 1604 humerosque
703 1518 806 1604 agiles
830 1517 933 1584 effusa
959 1519 1091 1605 tegebat

192 1636 196 1686 t
234 1627 336 1708 Tunc,
361 1625 440 1691 olim
463 1625 637 1691 substricta
662 1645 745 1690 auro
769 1626 950 1692 certamine
974 1624 1093 1690 blando

235 1734 275 1799 Et
298 1731 432 1818 placidis
455 1732 599 1818 implexa
621 1732 740 1798 modis:
765 1732 812 1798 sic
836 1732 973 1798 candida
996 1731 1099 1798 dulcis

237 1841 316 1906 Cum
341 1839 466 1906 croceis
490 1839 647 1926 iungebat
670 1840 783 1917 honos,
809 1838 977 1925 mixtoque
1001 1839 1105 1905 colori

236 1949 349 2014 Aurea
376 1947 544 2013 candentis
568 1947 742 2013 cessissent
764 1946 900 2013 vascula
925 1947 1026 2025 lactis,

237 2054 365 2140 Nixque
388 2053 474 2140 iugis
498 2054 590 2120 radio
614 2054 691 2119 solis
714 2059 888 2139 conspecta
911 2054 1032 2120 sereni.

192 2160 204 2224 5
238 2161 376 2226 Lumina
399 2160 475 2246 quid
501 2161 649 2227 referam
673 2161 866 2246 praeclarae
890 2160 1016 2227 subdita
1039 2161 1141 2228 fronti

240 2266 398 2332 Invidiam
422 2274 551 2332 motura
574 2265 663 2332 deisl
688 2265 797 2332 divina
820 2266 906 2352 quod
930 2267 993 2332 illis

240 2374 297 2439 Vis
321 2373 434 2440 inerat
457 2374 653 2459 radiansque
677 2374 788 2455 decor,
812 2373 866 2459 qui
890 2382 1024 2460 pectora
1048 2381 1156 2459 posset

241 2482 388 2548 Flectere
412 2501 475 2567 quo
499 2481 609 2559 vellet,
632 2487 825 2566 mentesque
846 2482 983 2547 auferre
1007 2481 1139 2560 tuendo,

243 2589 339 2673 lnque
364 2587 579 2654 Medusaeum
603 2587 796 2673 praecordia
820 2594 955 2653 vertere
978 2607 1137 2670 marmor,

192 2693 213 2757 lt
244 2695 349 2761 Africa
374 2715 417 2761 ne
442 2695 596 2761 monstris
620 2695 779 2762 caruisset
803 2703 894 2761 torra
918 2695 1078 2760 secundis.

245 2802 326 2868 llaec
350 2803 481 2889 planctu
506 2802 642 2869 confusa
665 2822 751 2867 novo
776 2803 871 2867 modo
895 2802 990 2867 dulce
1014 2802 1170 2880 nitebant,

248 2910 369 2976 Dulcius
393 2930 432 2976 ao
455 2910 563 2987 solito;
588 2930 648 2975 ceu
672 2932 772 2995 quum
795 2909 860 2975 duo
885 2910 1008 2975 lumina
1031 2911 1123 2976 iuxta

252 3015 424 3082 scintillant
446 3017 572 3101 pariter
596 3016 723 3081 madido
748 3016 895 3082 rorantia
919 3016 1021 3099 caelo,

253 3122 347 3188 luber
372 3121 429 3188 ubi
452 3131 632 3189 nocturnus
655 3122 731 3187 abit.
756 3122 929 3188 Geminata
953 3142 1097 3209 superne

200 3221 226 3285 45
255 3227 373 3296 Leniter
397 3229 488 3294 aerei
511 3229 636 3315 species
654 3227 839 3296 inflectitur
863 3250 978 3308 arcus;

257 3334 383 3402 Candida
408 3336 585 3423 purpureis
608 3336 776 3402 imitantur
800 3334 936 3402 floribus
960 3337 1066 3402 almae

260 3439 323 3508 lilia
348 3443 451 3509 mixta
476 3463 596 3530 genae3
623 3443 725 3509 roseis
749 3450 938 3528 tectumque
962 3443 1089 3509 labellis

261 3545 395 3632 Splendet
419 3551 503 3616 ebur
527 3550 612 3616 serie
635 3551 733 3627 mira;
757 3556 829 3616 tum
851 3558 963 3636 pectus
986 3558 1139 3637 apertum

261 3652 329 3721 Leno
352 3664 484 3724 tumens
508 3658 692 3743 blandoque
716 3658 853 3724 trahens
877 3657 1018 3743 suspiria
1042 3658 1148 3744 pulsu,

207 3745 235 3814 50
264 3757 325 3828 Cun
346 3765 462 3849 quibus
486 3764 671 3830 instabilem
694 3763 798 3850 potuit
822 3764 984 3850 pepulisse
1008 3764 1174 3850 precando

265 3864 334 3937 Unde
357 3873 470 3958 nequit
494 3881 656 3938 revocare
679 3872 804 3949 virum;
829 3879 899 3938 tum
923 3872 1057 3938 brachia
1080 3871 1169 3958 quali

192 3983 194 4032 ἱ
266 3969 382 4061 luppiter
407 3979 532 4046 arctari
556 3979 663 4065 cupiat
687 3999 746 4064 per
770 3979 903 4045 saecula
927 4000 1026 4045 nexu.

192 4113 198 4154 r
266 4076 326 4150 Hinc
347 4086 439 4153 leves
461 4086 645 4173 longaeque
667 4105 795 4165 manua,
819 4093 1009 4173 teretesque
1033 4087 1164 4173 sequaci

266 4183 365 4260 Ordine
387 4201 465 4259 sunt
487 4193 588 4280 digiti,
613 4194 849 4280 propriumque
873 4195 955 4259 ebur
979 4195 1134 4280 exprimit
1157 4214 1294 4281 ungues.

207 4279 237 4347 55
264 4290 322 4363 lum
344 4302 488 4368 laterum
511 4321 661 4368 convexa
685 4301 812 4382 decent,
838 4309 869 4367 et
892 4301 1045 4387 quicquid
1068 4302 1109 4367 ad
1132 4301 1215 4368 imos
1262 4337 1265 4342 ·

262 4399 464 4475 Membrorum
487 4408 573 4476 iacet
595 4429 699 4494 usque
722 4409 833 4495 pedes:
858 4409 994 4493 illosque
1020 4408 1147 4475 moveri

263 4507 372 4580 Mortali
396 4515 437 4582 de
460 4535 551 4582 more
574 4534 691 4601 negem
716 4515 762 4581 sic
786 4522 880 4581 terra
906 4516 1050 4581 modeste

192 4615 196 4674 .'
261 4616 410 4707 Tangitur,
434 4630 470 4689 ut
492 4629 631 4689 tenerae
654 4630 792 4707 pereant
807 4622 955 4709 ¹vestigia
979 4623 1119 4709 plantae,

258 4725 438 4796 AEthereum
462 4750 522 4796 ceu
545 4735 656 4795 servet
680 4730 753 4796 iter.
776 4730 830 4796 Sic
852 4729 939 4794 nube
963 4749 1100 4796 corusca

202 4819 229 4891 il
256 4829 352 4902 Obsita
374 4836 623 4922 magnanimum
647 4832 791 4902 Venus⁷²
815 4843 865 4901 est
888 4832 986 4901 affata
1010 4836 1202 4914 Tonantem,

252 4937 421 5032 Naufragio
443 4944 522 5026 nati,
546 4963 606 5016 seu
630 4947 738 5009 morte
761 4941 899 5029 impulsa
923 4942 1050 5031 nepotis
