3284 5750
704 888 830 972 Attalen.

227 1071 430 1136 Hannibalis
456 1071 579 1138 Contra
604 1071 659 1137 ille
684 1072 780 1157 gravi
805 1079 878 1138 cum
903 1073 989 1139 mole
1013 1079 1165 1138 ruentem
1274 1124 1277 1128 .

226 1177 357 1264 Excipit
379 1178 577 1263 impavidus:
603 1177 784 1264 confligunt
807 1179 945 1244 fulmina
972 1178 1088 1244 Martis

228 1284 312 1349 Hinc
335 1283 638 1370 Scipio‚'Hannibal
662 1285 749 1363 binc,
774 1306 982 1371 cernensque
1006 1306 1049 1351 ex
1065 1286 1203 1352 aethere
1223 1287 1357 1352 Mavors

111 1393 205 1456 1070
227 1391 372 1458 Miratur
396 1391 478 1458 tales
501 1391 603 1457 terris
626 1412 801 1477 superesse
826 1393 1001 1478 magistros

228 1499 373 1576 Militiae,
398 1499 480 1565 tales
503 1519 642 1584 operum
665 1500 811 1583 ferrique
835 1499 1012 1565 ministros.

227 1605 288 1671 Hic
311 1625 432 1690 precor
457 1612 492 1672 ut
514 1607 656 1672 mendax
681 1589 979 1672 desistat'Graecia
1006 1605 1137 1671 tandem

229 1712 421 1781 Nominibus
444 1721 577 1779 certare
601 1713 729 1794 ducum,
755 1713 935 1798 pudeatque
959 1713 1091 1778 referre
1170 1790 1179 1812 Ι

114 1897 116 1902 Ι
227 1819 380 1885 Imbelles
405 1821 503 1885 Asiae
527 1820 662 1906 populos
687 1820 901 1905 Gangemque
925 1821 1114 1895 subactum3
1169 1818 1171 1824 ’

112 1927 208 1992 1075
229 1927 433 1993 Parthorum
455 1926 572 1993 sileant
590 1946 687 2012 reges
711 1932 744 1992 et
767 1926 913 1992 Persidis
934 1926 1023 1992 arvis

226 2034 358 2120 Exiguo
380 2039 526 2120 spectata
548 2033 708 2119 phalaux;
734 2052 797 2098 nec
819 2039 972 2098 conserat
996 2032 1064 2118 ipsa

228 2141 328 2207 Troia
351 2162 494 2219 manum,
519 2139 709 2226 Priamique
733 2140 848 2205 domus
876 2146 1005 2206 cantata
1029 2140 1132 2226 poetis

230 2248 410 2314 Graiorum
433 2255 466 2315 et
489 2247 625 2323 uostris;
649 2268 716 2313 uon
740 2266 858 2330 regum
881 2246 1023 2331 quisquis
1047 2247 1149 2312 odoro

230 2355 333 2422 Crine
356 2353 463 2421 fluens
487 2361 585 2440 atque
607 2353 747 2441 Assyrio
771 2353 931 2439 crispatus
955 2352 1086 2418 amictu.

116 2463 208 2528 1080
232 2463 290 2528 His
313 2463 436 2548 campis
459 2483 525 2528 non
548 2462 654 2527 nudae
678 2461 774 2543 110101,
798 2481 865 2525 non
891 2458 977 2525 lluxa
1001 2479 1061 2545 per
1085 2481 1196 2527 armos

228 2570 396 2654 Purpura,
421 2589 486 2633 non
510 2568 637 2634 levibus
660 2574 785 2634 tantum
809 2567 931 2633 confisa
955 2567 1080 2653 sagittis

231 2675 343 2739 Turba
367 2675 483 2760 fugax:
510 2695 628 2740 verum
652 2676 728 2740 hinc
752 2675 853 2741 armis
877 2674 990 2739 inuata
1013 2674 1134 2743 virenti

230 2781 364 2847 Robore
388 2780 565 2847 subsistens
588 2781 670 2847 Italo
694 2783 843 2848 Romana
865 2781 1018 2846 iuventus

228 2889 335 2955 Arma
358 2888 443 2964 tulit3
468 2896 584 2954 contra
607 2888 744 2954 assiduis
768 2888 915 2954 exercita
932 2888 1026 2953 bellis
1151 2966 1153 2969 Α

116 2993 206 3059 1085
231 2994 374 3079 Agmina
396 2994 597 3072 Poenorum,
620 2995 736 3078 quibus
760 3001 810 3060 est
832 2994 987 3079 Hispania
1012 2995 1102 3061 lestis

229 3100 374 3167 Virtutis
396 3100 589 3186 Latiumque
613 3101 727 3187 magis,
751 3121 836 3186 quae
861 3101 949 3166 mille
974 3122 1131 3186 perarua

228 3206 395 3273 Romanos
419 3207 588 3271 homiuum
610 3206 754 3273 victores
784 3208 958 3293 omniaque
983 3228 1079 3274 ausos

228 3314 295 3378 Iam
321 3333 453 3399 pessum
475 3315 569 3380 ferro
593 3314 753 3379 dederant
776 3320 809 3379 et
833 3313 973 3378 fortibus
997 3314 1107 3378 armis.

231 3419 298 3484 Has
322 3418 550 3512 iuter<gentes
574 3420 637 3485 alio
661 3420 844 3486 certamine
865 3420 964 3503 longe

111 3526 204 3590 1090
230 3526 434 3592 Concursum
458 3532 508 3592 est
532 3527 666 3611 aliisque
690 3527 820 3591 animis:
847 3526 911 3592 iam
935 3548 1018 3592 vera
1043 3528 1157 3593 fatenti

229 3632 368 3698 Viribus
392 3634 473 3699 haee
497 3633 584 3699 acies
609 3634 726 3719 praeit,
752 3634 835 3699 haec
858 3634 1007 3711 levitate;
1032 3635 1090 3700 sed
1114 3657 1217 3701 unum
1240 3643 1291 3703 est

227 3740 360 3824 Parque
384 3739 492 3804 odium
515 3741 681 3805 ambabus.
707 3741 775 3806 Vix
800 3741 932 3807 tandem
955 3742 1041 3806 fessa
1071 3733 1252 3828 parumper

229 3845 373 3911 Cedebat
397 3846 585 3911 Poenorum
609 3846 705 3912 acies
730 3848 810 3911 Tum
836 3847 984 3912 fervidus
1010 3847 1060 3913 ira

228 3952 392 4016 Hannibal
417 3953 594 4019 exclamat:
623 3979 640 4013 ‹<
658 3954 730 4019 Non
754 3955 837 4020 haec
863 3954 917 4020 tibi
941 3954 1034 4040 signa
1059 3962 1253 4039 retrorsum,

103 4059 203 4125 1095
228 4059 390 4141 Furcifer,
415 4065 450 4125 ut
474 4060 613 4141 referas,
637 4060 811 4137 dederam;
836 4060 915 4145 quin
939 4062 1050 4147 pergis
1074 4069 1107 4127 01
1131 4062 1186 4128 illa

228 4166 382 4232 Hostibus
406 4166 439 4231 in
464 4167 577 4232 mediis
601 4167 706 4251 potius
731 4166 893 4251 discerpta
917 4167 1100 4251 relinquis?

226 4273 298 4338 Heu
322 4273 418 4338 mihi!
443 4294 507 4359 quo
532 4273 646 4340 ruitis?
671 4274 743 4339 Non
768 4280 817 4340 est
842 4274 895 4339 via
919 4283 1029 4340 recta:
1056 4275 1177 4353 venite,

228 4380 297 4445 Hac
321 4381 450 4446 hostem
474 4380 625 4466 reperire
650 4381 735 4446 licet.
761 4381 971 4467 Carthaginis
995 4381 1072 4447 estis

230 4485 282 4551 Sic
308 4486 492 4552 memores?
517 4488 587 4552 Hac
610 4487 697 4553 forte
714 4487 853 4575 ⁴domum
877 4508 1031 4553 remeare
1056 4489 1201 4573 putatisl
1305 4529 1310 4540 ·

108 4592 205 4656 1100
228 4592 368 4673 Erratis,
393 4592 505 4658 miseri
528 4593 631 4669 cives3
656 4594 744 4659 haec'
763 4595 909 4659 carceris
933 4615 997 4660 una

226 4698 406 4784 Exsiliique
428 4700 482 4764 via
505 4708 555 4765 est
578 4725 608 4764 ».
633 4699 723 4765 Haec
746 4699 856 4765 dicens
880 4701 946 4766 ibat
971 4700 1004 4764 in
1027 4701 1138 4768 hostes

226 4805 321 4872 Solus
345 4812 376 4871 01
399 4804 591 4892 intrepidus.
616 4805 757 4872 Cunctas
781 4806 827 4872 sic
851 4806 905 4883 ille
929 4807 1055 4891 pudere

227 4912 269 4979 Et
292 4911 395 4981 victas
418 4913 540 5001 pietate
564 4912 653 4980 ducis
678 4913 827 4979 firmasse
851 4915 1005 4982 cohortes
