3284 5750
472 871 589 920 annun
611 841 895 919 unnoanuon'auu
923 872 1011 918 sisar
1337 848 1381 916 95

187 1054 354 1127 nosceret,
384 1049 530 1135 cogitans
565 1069 632 1115 non
667 1070 806 1135 parvam
841 1049 1014 1134 pecuniam
1049 1049 1090 1112 ab
1121 1067 1161 1112 eo
1183 1067 1244 1132 per
1268 1045 1380 1112 ludum

186 1156 338 1240 exigere,
366 1155 515 1224 submisit
549 1156 603 1241 qui
640 1156 686 1222 ad¹
720 1177 796 1222 eum
832 1163 912 1222 tunc
945 1157 1114 1221 absentem
1149 1161 1316 1240 pergeret,
1348 1161 1382 1219 et

187 1261 311 1328 domini
335 1263 446 1328 verbis
470 1260 643 1349 pecuniam
666 1262 842 1350 flagitaret.
866 1264 963 1330 Stetit
987 1262 1019 1327 in
1044 1261 1141 1327 dubio
1165 1261 1379 1346 dispensator,

186 1367 303 1435 literas
327 1366 485 1435 Castrutii
509 1390 575 1436 non
600 1369 736 1447 videns;
760 1369 911 1456 quamvis
933 1369 965 1434 id
981 1368 1143 1435 varietate
1158 1367 1379 1453 negotiorum,
1420 1424 1422 1428 .

119 1474 141 1540 5
186 1476 275 1560 quod
309 1475 343 1541 in
380 1476 435 1542 illo
469 1476 544 1542 viro
570 1476 844 1543 verisimillimum
881 1482 964 1554 erat,
1001 1477 1158 1541 omissum
1192 1474 1379 1550 diceretur;

187 1583 302 1648 statuit
326 1583 459 1649 tandem
482 1583 666 1650 inconsulto
683 1584 813 1650 domino
832 1584 911 1648 nibil
927 1603 1039 1670 agere.
1057 1582 1158 1648 Cuius
1177 1582 1381 1647 voluntatem

187 1711 264 1755 cnm
288 1710 348 1776 per
371 1691 485 1757 literas
509 1691 714 1776 exquireret,
734 1692 790 1758 ille
814 1692 945 1776 scripsit
968 1698 1034 1757 tam
1059 1689 1230 1775 ambiguis,
1247 1696 1380 1773 tamque

185 1796 386 1882 supplicibus
420 1797 540 1874 uerbis,
570 1804 606 1864 ut
642 1798 719 1864 licet
755 1797 949 1884 superficie¹
972 1796 1227 1864 affirmationem
1255 1795 1380 1860 claram

165 1898 360 1970 'continere
393 1904 604 1987 viderentur,
641 1905 805 1972 introrsus
849 1911 959 1971 tamen
994 1904 1034 1970 ad
1066 1903 1259 1970 utrumlibet
1293 1900 1380 1966 flecti

105 2011 143 2076 to
188 2016 333 2099 possent.
359 2013 397 2076 ln
420 2010 486 2078 fine
510 2014 692 2078 verborum
715 2012 853 2079 addidit:
879 2015 922 2079 Ut
949 2013 1085 2098 petitam
1108 2033 1128 2076 a
1151 2018 1183 2077 te
1207 2009 1382 2096 pecuniam

189 2139 347 2185 numeres
378 2120 510 2185 omnino
533 2120 695 2186 volumus.
720 2121 790 2185 Hoc
821 2125 932 2186 autem
962 2125 1073 2185 tantae
1097 2117 1224 2204 primae
1248 2117 1380 2182 litterae

188 2226 384 2292 confusione
401 2226 561 2312 scriptum
576 2234 659 2308 erat,
673 2233 709 2292 ut
726 2247 791 2292 non
808 2227 913 2312 magis
929 2228 1096 2292 nolumus
1108 2245 1207 2310 quam
1218 2225 1381 2289 uoluntas
1418 2231 1420 2235 '

188 2332 255 2419 legi
281 2338 399 2418 posset.
424 2333 554 2419 Lippus,
580 2334 693 2399 literas
725 2333 845 2399 domini
870 2332 1011 2398 iubentis
1036 2353 1108 2397 oum
1135 2330 1246 2396 verbis
1270 2329 1380 2395 nuncii

186 2438 329 2524 petentis
364 2440 549 2522 conferens,
574 2440 748 2526 pecuniam
782 2439 981 2505 numeravit.
1011 2439 1188 2504 interiecto
1219 2437 1379 2522 tempore,

100 2547 138 2612 15
187 2567 265 2612 cum
289 2546 451 2613 rationem
475 2547 639 2630 redderet,
664 2548 806 2633 negabat
830 2547 1016 2613 Castrutius
1040 2545 1129 2610 iussu
1150 2564 1209 2609 suo
1228 2543 1379 2610 traditam

187 2653 378 2739 pecuniam;
396 2654 516 2739 Lippus
533 2654 657 2720 litteras
671 2675 771 2720 manu
788 2654 858 2720 eius
875 2653 1014 2739 scriptas
1027 2653 1228 2738 proferebat.
1246 2650 1381 2716 Castru-

186 2760 252 2825 tius
276 2759 350 2825 illas
375 2761 528 2844 relegens
545 2782 620 2826 suas
637 2761 768 2846 quidem
785 2781 849 2827 non
867 2781 1003 2846 negare,
1021 2760 1077 2825 scd
1095 2759 1204 2825 omnia
1220 2757 1381 2823 adversus

186 2865 275 2932 illius
299 2868 496 2935 sententiam
519 2867 732 2953 interpretari
750 2876 783 2935 et
798 2861 883 2935 'oum
898 2868 938 2934 ad
956 2866 1054 2933 finem
1079 2865 1294 2953 pervenisset,
1311 2864 1381 2931 sine

186 2973 255 3039 ulla
278 2974 503 3057 haesitatione,
526 2977 693 3041 nolumus
729 2975 816 3061 legit
845 2982 877 3041 et
915 2995 980 3039 nou
1014 2976 1186 3040 colurnus.
1216 2972 1381 3038 Intellexit

100 3081 140 3146 20
186 3081 297 3146 locum
321 3080 450 3166 Lippus
466 3089 499 3147 et
521 3081 696 3147 subridens
720 3082 819 3148 siluit.

100 3241 148 3296 ‚tel
167 3255 242 3310 capo
261 3240 298 3293 lll
319 3246 399 3295 tooca
418 3239 449 3295 di
468 3240 576 3296 alcuna
605 3242 708 3310 saggie
737 3242 866 3311 risposte
896 3256 913 3295 e
941 3241 971 3296 di
991 3240 1094 3296 alcuni
1114 3241 1168 3296 atti
1187 3240 1331 3310 prudenti
1351 3238 1382 3293 di

166 3322 287 3387 Cesare,
308 3320 493 3387 Dorniziauo,
513 3321 587 3389 Tito,
607 3320 728 3387 Catone,
750 3321 893 3390 Agrippa,
914 3319 1048 3385 Afranio,
1071 3321 1212 3386 Pacuvio,
1234 3318 1380 3384 Fabricio,

167 3402 330 3469 Giugurta,
351 3400 532 3455 alessandro
551 3402 670 3468 Magno,
693 3402 848 3468 Damocle,
872 3402 1023 3470 Agesilao,
1043 3401 1177 3468 Chilone,
1198 3400 1310 3466 talete,
1330 3400 1382 3453 Pe-

167 3482 304 3549 riandr0,
318 3482 443 3555 Pittaco,
457 3482 629 3550 Seuoloute,
644 3483 782 3552 Epicure,
798 3482 979 3550 Teoirastro,
997 3484 1167 3551 Senocrate,
1182 3484 1380 3549 Anassagora,

168 3562 326 3628 Anaoarsi,
346 3560 460 3629 Pilade,
482 3561 615 3629 Laberio,
635 3562 778 3631 Adriano,
799 3564 842 3617 Re
861 3562 1000 3619 Roberto.

515 3759 685 3836 LIBRO
721 3758 966 3851 QUARTO.

100 3953 217 4022 Esempi
236 3952 268 4008 di
287 3951 444 4022 prudenza
473 3966 527 4008 son
557 3952 700 4009 ricordati
730 3953 778 4008 nel
798 3968 870 4023 capo
889 3955 899 4007 l
920 3953 1004 4007 tratti
1032 3952 1111 4007 dalle
1139 3951 1202 4006 vite
1231 3950 1260 4005 di
1290 3950 1379 4017 Silla,

166 4031 312 4097 Teodoro,
331 4033 448 4087 Nerone
467 4047 484 4087 e
504 4033 664 4102 Giuseppe.
686 4034 730 4088 Gli
751 4032 862 4089 oracoli
882 4030 936 4103 piu
957 4032 1064 4087 famosi
1093 4046 1147 4087 son
1168 4031 1308 4087 ricordati
1330 4030 1380 4085 nel

167 4126 242 4180 capo
262 4113 303 4179 113
323 4111 350 4166 le
369 4112 535 4181 predizioni
566 4112 616 4167 uel
639 4113 692 4183 1113
713 4113 723 4167 i
742 4114 829 4181 segni
855 4113 905 4167 uel
925 4114 978 4178 1v;
1000 4113 1008 4166 i
1029 4112 1155 4167 vaticiui
1175 4110 1225 4165 nel
1245 4111 1286 4178 V;
1306 4110 1315 4163 i
1336 4124 1382 4164 re-

167 4190 274 4260 sponsi
295 4190 376 4259 degli
396 4192 529 4262 aruspioi
550 4192 600 4247 nel
619 4193 666 4259 Vl,
686 4193 766 4261 degli
788 4193 899 4261 auguri
921 4192 971 4248 uel
991 4194 1039 4247 Vll
1058 4206 1074 4246 e
1094 4191 1167 4247 nell'
1180 4191 1257 4260 VllI;
1288 4191 1381 4260 ipor-

168 4270 246 4325 tenti
267 4269 317 4325 nel
337 4270 386 4325 IX.

647 4455 843 4532 NOTA

243 4678 252 4713 ¹
274 4680 446 4749 superficie,
467 4680 499 4735 iu
519 4694 608 4736 senso
628 4680 801 4737 avverbiale
822 4695 881 4736 nou
902 4678 919 4735 ὁ
939 4685 1025 4736 usato
1044 4679 1093 4736 dai
1111 4681 1237 4737 classici.
