3284 5750
247 525 289 599 71
697 547 883 604 1111133333
911 552 1080 602 Parnason

269 732 335 796 710
358 732 416 797 Est
442 731 519 795 mihi
546 731 755 817 propositum,
780 732 856 818 quia
879 733 1054 819 caligantia
1080 735 1198 800 mundo

357 838 496 903 Lumina
520 846 605 915 sunt,
631 840 762 924 propius
787 840 906 905 vestris
930 840 1091 906 accedere
1115 841 1228 922 terriS,

357 944 408 1025 Et,
433 945 555 1029 pondus
579 965 749 1029 nexusque
772 945 950 1026 hominum,
976 946 1129 1012 mortalia
1153 949 1302 1014 membra

357 1051 478 1135 Sponte
502 1050 612 1116 subire
636 1071 709 1116 mea
735 1058 929 1136 vestrosque
946 1051 1061 1118 levare
1079 1052 1220 1134 dolores,

356 1156 515 1243 (Quantus
539 1156 664 1244 amori)
689 1165 895 1243 mortemque
919 1157 1018 1224 etiam
1040 1159 1189 1225 tolerare
1212 1161 1413 1246 pudendam,

268 1262 333 1328 715
356 1247 696 1348 Ingrataednraeque
712 1263 1033 1330 animi-Communia
1057 1286 1258 1350 quamquam

355 1371 497 1435 Munera
520 1369 585 1436 sint
608 1370 710 1448 vobis,
735 1376 848 1436 tamen
871 1372 954 1437 haec
978 1371 1106 1438 felicior
1130 1371 1186 1437 illa
1209 1371 1300 1439 est⁹⁹.

355 1476 492 1542 Faverit
515 1477 576 1543 hoc
598 1477 760 1560 equidem,
785 1477 837 1542 cui
863 1499 950 1543 nunc
975 1477 1112 1544 victoria
1136 1499 1260 1564 campe,

356 1585 449 1650 Hanc
474 1605 573 1670 penes
596 1584 770 1670 imperium
793 1585 887 1649 simul
912 1593 945 1650 et
970 1605 1042 1650 mea
1066 1587 1210 1651 maxima
1233 1586 1331 1652 sedes

357 1692 494 1776 Semper
518 1691 595 1766 erit;
620 1690 666 1756 sic
690 1689 756 1755 fixa
780 1691 904 1756 etenim
926 1691 1088 1757 sententia
1111 1693 1230 1758 sanxit.

269 1797 335 1862 720
358 1799 450 1863 Neve
475 1797 529 1862 diu
553 1797 652 1863 dilata
675 1797 771 1863 nimis
795 1818 869 1882 spes
893 1804 1005 1864 vestra
1029 1805 1170 1883 putetur,

357 1904 482 1970 Cuncta
507 1903 598 1989 prius
622 1904 729 1970 cuncti
745 1904 903 1970 mortales
919 1904 978 1970 ista
998 1904 1165 1987 videbunt,

355 2012 461 2087 Quam
484 2010 591 2076 decies
615 2010 716 2077 latum
740 2011 900 2077 Saturnus
918 2010 1061 2076 cinxerit
1088 2012 1204 2077 orbem

354 2118 472 2186 Limite
497 2116 745 2202 retrogrado¹⁰⁰:
762 2117 881 2203 placita
899 2117 946 2184 sic
963 2117 1094 2202 virgine
1117 2124 1230 2204 captus

356 2226 425 2290 Iam
445 2225 571 2310 rapior,
596 2225 682 2290 sacri
707 2224 753 2290 sic
777 2225 923 2291 mulcent
946 2226 1050 2290 ubera
1073 2226 1167 2292 lactis
1187 2249 1216 2291 ›.

267 2332 333 2398 725
356 2332 448 2398 Talia
472 2339 668 2398 narrantem
684 2333 790 2408 cuncti
807 2332 1024 2416 gaudentibus
1045 2332 1106 2397 alis

355 2439 538 2505 Caelicolae
563 2439 761 2504 umbrabant
784 2445 882 2523 atque
906 2438 1038 2523 agmina
1063 2438 1183 2504 nuncia
1210 2438 1309 2525 pacis.

313 2600 405 2666 Serge
424 2598 447 2653 il
467 2599 595 2653 mantino
613 2613 630 2654 3
649 2598 787 2668 Scipione
816 2598 922 2653 ordina
942 2598 979 2653 ed
999 2597 1174 2666 incoraggia
1193 2598 1222 2654 le
1241 2613 1298 2654 sue
1326 2599 1446 2654 schiera
1469 2599 1529 2654 alla

243 2679 385 2746 battaglia
413 2678 459 2746 (v.
478 2680 629 2747 727n33);
662 2678 837 2733 altrettanto
864 2676 892 2733 13
925 2676 1073 2733 Annibale
1102 2679 1143 2745 (v.
1164 2679 1305 2743 831-915).
1330 2680 1446 2735 venuti
1469 2679 1529 2734 alle

243 2760 337 2825 mani,
352 2759 380 2814 la
394 2758 515 2814 vittoria
529 2758 627 2828 pende
640 2759 755 2813 incerta
770 2756 1095 2826 (ν.916-1050),1113111
1113 2759 1125 2813 i
1142 2759 1272 2814 Romani
1285 2773 1343 2815 con
1357 2773 1401 2815 un
1418 2759 1529 2815 ultimo

169 2890 175 2896 .
210 2891 212 2895 .
241 2838 339 2895 siorzo
360 2844 492 2894 mettono
512 2838 544 2893 in
565 2837 637 2906 iuga
657 2839 666 2892 i
686 2838 806 2893 nemici.

353 2980 459 3048 lam¹⁰¹
476 2983 581 3048 media
605 2983 653 3048 sol
677 2982 782 3048 almus
805 3002 906 3067 equos
923 2981 1060 3068 regione
1082 2984 1237 3049 trahebat
1273 3003 1275 3007 ⁴

353 3091 526 3171 AEtherea,
544 3097 577 3155 et
593 3095 700 3155 tantas
716 3091 884 3174 spectabat
907 3090 1042 3155 territus
1069 3088 1146 3154 iras.

351 3196 515 3281 Impiger,
530 3204 563 3262 et
587 3196 676 3261 nullo
692 3196 838 3261 defessus
858 3196 1006 3261 membra
1022 3196 1146 3278 labore,

245 3318 248 3321 ⁴
351 3303 424 3368 Non
447 3310 550 3384 aestu,
574 3323 640 3368 non
664 3302 867 3381 vulneribus,
892 3322 957 3367 non
974 3303 1059 3369 nube
1075 3303 1213 3369 calentis

241 3410 328 3478 1055
350 3410 513 3492 Pulveris,
538 3418 705 3477 extremas
729 3410 878 3475 manibus
901 3415 1033 3475 tentare
1056 3410 1219 3496 procellas

350 3517 456 3603 Scipio
478 3518 642 3596 tendebat,
668 3537 793 3583 cuneus
815 3537 879 3601 qno
902 3516 1034 3583 densior
1056 3516 1146 3582 illum

350 3626 392 3692 Et
416 3625 506 3691 ducis
530 3624 662 3690 adversi
686 3624 787 3690 facies
811 3630 921 3709 optata
944 3625 1092 3690 vocabat.

350 3734 399 3799 Ac
424 3733 514 3798 velut
536 3734 679 3798 AEtnaeo
703 3732 902 3797 descendens
927 3731 1053 3798 vertice
1077 3737 1182 3797 vastat

350 3841 499 3906 Flamma
524 3838 695 3905 cavernosi
721 3858 871 3904 convexa
895 3838 1072 3905 trementia
1095 3836 1224 3919 montis,
1342 3894 1346 3901 .

239 3946 326 4012 1060
348 3948 390 4012 nt
413 3947 562 4032 scopulos
587 3946 653 4011 ruit
676 3946 842 4012 obstantes
866 3946 1067 4030 arbustaque
1090 3944 1217 4030 frangit

348 4053 470 4122 Obvia:
495 4053 695 4138 sulphureae
719 4053 859 4117 reboant
881 4051 977 4118 simul
1002 4051 1145 4137 undique
1168 4050 1294 4145 valles:¹

349 4162 403 4228 Sic
425 4161 517 4226 ierus
541 4166 574 4225 et
597 4158 693 4224 simili
717 4159 897 4243 prosternit
919 4160 1053 4225 turbine
1080 4164 1197 4225 cuncta

349 4269 465 4355 Scipio,
489 4288 586 4351 saepe
611 4286 759 4331 monens:
788 4292 805 4326 «
829 4266 923 4334 Miles
946 4267 1105 4348 Romane,
1128 4283 1249 4351 precor
1273 4269 1317 4345 te,

346 4378 414 4442 Aut
437 4375 543 4456 vince,
568 4379 624 4439 aut
646 4393 791 4451 movere,
816 4379 850 4439 31
872 4392 1002 4439 mecum
1025 4393 1113 4438 nunc
1136 4369 1251 4437 ultima
1275 4376 1376 4436 tenta.

238 4483 325 4550 1065
348 4485 438 4549 Η331
462 4482 514 4547 via
537 4481 592 4548 vel
615 4483 766 4562 Romam,
790 4480 845 4546 vel
870 4487 960 4547 recto
984 4479 1117 4546 tramite
1140 4477 1229 4545 ducit

347 4591 398 4657 Ad
422 4610 561 4679 superos
576 4614 607 4656 ».
631 4589 724 4655 Haec
747 4586 937 4653 vociferans
959 4585 1103 4652 intrabat
1126 4585 1170 4656 in.
1183 4603 1304 4668 agmen
