3284 5750
1220 506 1223 513 .
1316 423 1470 518 *⁴2⁴³

238 547 304 621 loo
681 569 869 624 rnlucnsco
901 573 1072 623 rnraauol
1156 640 1159 645 Ι

324 755 494 837 praestare
517 752 646 838 possim,
677 761 814 839 praeter
843 753 1163 820 commiserationem
1194 753 1298 821 matri
1326 752 1465 822 debitam
1488 760 1517 823 et

325 859 403 924 mihi
428 858 592 945 placitam,
618 870 653 927 ut
676 861 779 942 vides,
805 861 1016 947 fugamque
1051 861 1162 928 oculos
1190 882 1285 928 meos
1311 869 1382 928 tam
1406 870 1517 929 maesto

326 965 466 1032 liberem
495 967 691 1052 spectaculo.
715 968 824 1034 Video
857 969 988 1053 quidem
1012 969 1151 1050 eminus,
1175 969 1235 1034 sed
1260 970 1437 1054 prohibere
1458 990 1515 1035 non

323 1072 433 1154 valeo,
457 1072 605 1139 cominus
628 1073 745 1140 videre
768 1060 874 1140 renuo
898 1073 1072 1161 artificium
1099 1075 1162 1141 hoc
1191 1096 1314 1140 senum
1339 1082 1374 1142 et
1396 1075 1515 1159 infame,
1538 1062 1548 1141 ἐ

257 1177 280 1243 5
324 1199 389 1264 quo
411 1179 661 1246 Ecclesiasticus
684 1179 745 1246 iste
768 1181 944 1266 Dionysius
960 1189 1089 1246 nostras
1104 1188 1207 1248 vexat
1232 1203 1272 1248 ac
1290 1183 1411 1268 spoliat
1425 1183 1515 1268 Syra·
1534 1180 1543 1247 .’

328 1306 434 1352 cusas.
459 1286 591 1362 Quatiat
613 1286 726 1352 virum
749 1287 885 1353 mentita
910 1286 1112 1369 Semiramis,
1137 1287 1284 1354 frontem
1319 1289 1411 1375 tegit,
1435 1289 1515 1374 inge-
1535 1296 1541 1365 '.

328 1393 448 1479 nieque
472 1393 584 1460 oculos
609 1392 825 1479 praestringit
851 1394 1040 1475 astantium,
1071 1401 1104 1460 et
1127 1394 1262 1460 incestis
1291 1396 1416 1480 polluta
1437 1408 1538 1462 com-t

324 1500 485 1585 plexibus,
499 1501 589 1565 viros
602 1501 716 1567 calcat.
730 1500 838 1566 Video
854 1500 971 1586 quibus
983 1501 1110 1567 artibus
1126 1508 1242 1567 noster
1258 1502 1315 1569 hic
1327 1502 1471 1569 Pericles
1481 1522 1510 1570 se

327 1614 451 1686 tuetur,
479 1615 522 1686 ut,
547 1627 632 1692 quae
657 1608 749 1673 reddi
766 1609 889 1693 nequit,
906 1627 973 1673 non
996 1613 1134 1693 cogatur
1152 1608 1297 1674 reddere
1315 1611 1473 1676 rationem
1486 1615 1520 1676 et·

179 1746 183 1753 ·
210 1744 213 1749 ·
242 1712 285 1778 10
330 1713 383 1780 hic
405 1736 504 1780 suum
526 1714 648 1779 habent
671 1714 874 1780 Alcibiadem
897 1720 929 1779 et
952 1733 1050 1781 nemo
1066 1714 1212 1780 velocius
1236 1714 1359 1800 iniquis
1382 1714 1509 1787 consiliis

328 1821 515 1906 acquiescit.
540 1821 667 1888 Turbat
690 1822 792 1907 igitur
816 1821 935 1902 omnia,
960 1821 1139 1906 miscetque
1163 1821 1203 1887 de
1228 1821 1403 1898 industria,
1423 1830 1523 1908 quan'

327 1936 421 2015 putas
445 1929 486 1993 ob
510 1949 654 2007 causam,
679 1929 739 1994 nisi
766 1935 801 1995 ut
824 1928 1063 1995 circulatorum
1086 1948 1180 1993 more
1195 1928 1251 1995 vel
1274 1930 1435 2016 perplexo
1448 1920 1526 1995 loro'¹

329 2036 382 2103 vel
417 2036 554 2103 confuso
588 2037 729 2103 vulnere
764 2036 916 2103 licentius
953 2035 1055 2102 fallat.
1091 2036 1133 2102 Et
1167 2036 1262 2102 fraus
1297 2037 1431 2123 propria
1459 2037 1506 2114 sub

329 2143 522 2209 umbraculo
545 2144 695 2209 turbatae
732 2142 930 2228 reipublicae
965 2142 1145 2224 delitescat,
1170 2149 1204 2209 et
1227 2143 1282 2208 ille
1305 2143 1435 2230 quidem
1457 2162 1525 2229 pro·

237 2251 279 2317 15
324 2250 481 2337 qualitate
505 2251 670 2337 propositi,
695 2251 820 2317 artibus
845 2251 948 2317 utitur
972 2270 1037 2316 non
1061 2249 1165 2315 novis.
1191 2250 1275 2315 Nam
1307 2257 1342 2317 et
1368 2252 1400 2315 in
1423 2250 1506 2316 fruti·

325 2379 401 2425 coso
425 2359 547 2444 gaudet
571 2378 701 2444 auceps,
727 2359 870 2443 piscator
893 2358 927 2421 in
951 2357 1093 2438 turbido,
1116 2357 1173 2422 fur
1188 2357 1223 2422 in
1239 2358 1402 2435 tenebris;
1423 2358 1505 2424 nobis

324 2473 437 2532 autem
461 2485 520 2551 pro
551 2465 668 2531 inertia
695 2471 820 2546 nostra,
844 2464 922 2548 quid
947 2464 1068 2549 possim
1090 2470 1203 2549 optare
1236 2465 1399 2547 miserius,
1422 2484 1508 2550 quan

329 2580 365 2639 ut
387 2573 492 2638 nostri
516 2572 638 2639 similes
661 2591 793 2656 semper
816 2570 929 2653 simus,
947 2591 1061 2637 coram
1076 2570 1227 2636 adultero
1244 2572 1366 2658 vigilil
1389 2572 1507 2652 Nescio,
1546 2638 1548 2671 ἱ

325 2678 444 2762 fateor,
470 2700 513 2745 an
535 2679 621 2745 illius
644 2677 855 2764 impudentia,
880 2698 923 2743 an
947 2677 1102 2763 patientia
1126 2683 1240 2744 nostra
1268 2679 1313 2747 sit
1336 2679 1471 2765 turpior.
1544 2676 1548 2747 i

782 3024 979 3099 NOTE

234 3394 244 3431 ¹
266 3394 396 3465 Epistola
414 3395 447 3449 7α
464 3394 543 3450 delle
562 3393 635 3450 Sine
655 3394 746 3451 titolo
767 3395 854 3464 (ediz.
866 3395 1004 3464 Basilea).

233 3501 245 3537 ²
265 3502 404 3569 Quotnor
423 3501 619 3571 labyrinthis,
639 3502 661 3556 il
679 3502 779 3572 primo
798 3502 846 3558 del
865 3502 934 3569 lego
953 3501 1068 3557 Meride
1087 3500 1119 3556 in
1139 3501 1249 3568 egino,
1271 3500 1294 3556 il
1308 3501 1439 3556 secondo
1458 3498 1515 3556 nel·
1538 3497 1549 3576 l

304 3581 454 3720 gigqlqsidi
472 3582 569 3649 Creta,
589 3581 611 3636 il
633 3588 712 3636 terzo
732 3581 884 3637 nell’isola
903 3582 934 3637 di
954 3583 1077 3647 Lemno,
1092 3580 1130 3637 ed
1143 3580 1166 3636 il
1179 3587 1288 3652 quarto
1310 3580 1513 3644 nell'Etruria,
1542 3581 1548 3588 ''

232 3770 244 3807 ³
263 3772 435 3841 terrificos,
454 3786 527 3827 voce
546 3769 765 3841 petrarchesea,
786 3793 820 3819 =
839 3776 1050 3827 «oostruttore
1069 3770 1100 3825 di
1117 3769 1229 3825 torri».

233 3879 243 3914 ⁴
265 3880 394 3950 Epistola
418 3880 466 3936 11³
483 3878 563 3935 delle
582 3877 655 3935 Sine
668 3877 759 3931 titolo
780 3877 866 3945 (edin.
879 3878 1018 3947 Basilea).
