3284 5750
263 509 327 579 lae
709 495 896 579 rmucssco
919 531 1090 580 romaum

327 709 368 775 R.
391 745 435 759 -
458 709 616 793 Propera,
641 709 787 774 nondum
811 709 906 786 finis;
943 716 979 775 ut
1014 709 1082 776 dies
1106 731 1202 793 unuS,
1234 710 1281 776 sic
1305 709 1369 777 vita
1392 710 1497 777 omuisu

397 815 462 881 fine
486 816 695 883 describitur.

330 933 367 999 G.
392 970 435 984 -
459 933 587 1019 Populo
609 954 708 1000 carus
731 954 815 999 sum.

328 1051 369 1117 R.
393 1049 540 1126 -Quis
565 1048 610 1114 illi
635 1049 839 1134 Scipionibus
855 1049 993 1115 cariori
1018 1049 1099 1126 Quis
1123 1048 1290 1116 Camillo?
1316 1050 1394 1127 Quis
1415 1049 1506 1116 Rutilio

284 1158 306 1222 5
396 1177 436 1223 ac
458 1155 620 1222 Motellol
645 1155 728 1232 Quid
753 1155 1006 1222 Themistoclem
1030 1158 1149 1241 loquor
1172 1163 1230 1222 aut
1253 1156 1437 1232 Miltiadem,
1456 1156 1510 1241 quil
1548 1157 1550 1164 '

396 1264 458 1329 hoc
481 1262 630 1348 genitum
666 1261 835 1328 Cimonem
872 1271 929 1328 aut
965 1263 1156 1345 Aristidem,
1193 1263 1270 1349 quid
1308 1265 1439 1344 Thesea,
1457 1263 1511 1348 quil

396 1370 560 1450 Solonem,
583 1369 661 1454 quid
684 1369 918 1451 Hannibalem,
942 1370 1019 1454 quid
1043 1371 1247 1455 Lycurgum,
1273 1370 1329 1456 qui
1353 1371 1452 1450 cives,
1471 1389 1512 1434 oro

395 1483 439 1559 te,
463 1497 559 1561 quam
584 1476 731 1561 quisquo,
749 1497 848 1561 quam
872 1477 1021 1543 breviter
1046 1476 1165 1563 populo
1187 1497 1248 1543 suo
1273 1497 1383 1559 carus,
1400 1477 1515 1542 omniuo

398 1590 495 1650 notus
519 1582 592 1648 fluis
615 1582 724 1648 otvel
747 1583 780 1647 in
805 1589 1029 1668 contemptum
1046 1583 1099 1649 vel
1123 1582 1156 1648 in
1179 1583 1293 1650 odium
1308 1603 1425 1649 versus
1444 1603 1514 1650 amor

264 1693 307 1758 10
400 1697 498 1776 atque
533 1689 666 1776 indigua
703 1690 802 1756 rebus
838 1690 995 1776 praemia,
1019 1690 1084 1755 fori
1112 1690 1217 1769 labor,
1241 1691 1418 1769 accusatio,
1439 1711 1515 1771 mors,

397 1797 543 1879 exilium,
568 1803 715 1864 catenae.

329 1916 367 1982 G.
391 1952 443 1966 -·
458 1913 570 1982 Multis
593 1913 626 1979 in
650 1915 769 2000 populo
801 1936 898 1981 carus
925 1937 1007 1981 sum.

328 2033 369 2099 R.
393 2069 438 2082 -
457 2030 553 2096 Malis
570 2031 682 2117 igitur,
700 2032 795 2117 pauci
812 2031 900 2098 enim
916 2031 992 2097 boni
1010 2038 1109 2118 atque
1126 2031 1291 2098 malorum
1309 2031 1404 2097 malis
1419 2031 1517 2097 artibus
1552 2092 1553 2096 ,

395 2137 512 2224 quaeri
539 2158 687 2204 amorem
718 2145 855 2205 constat.
885 2139 918 2205 Si
949 2158 1032 2204 vero
1059 2138 1236 2204 similitudo
1269 2139 1431 2224 quaedam
1455 2137 1519 2224 parit
1551 2154 1553 2225 j

267 2247 310 2313 15
400 2245 570 2327 amicitias,
594 2252 630 2310 ut
653 2245 870 2330 prudentibus
894 2245 1010 2331 placet,
1028 2245 1083 2332 qui
1107 2245 1150 2310 sis
1174 2246 1338 2327 existima,
1358 2245 1412 2332 qui
1435 2243 1519 2310 multis

287 2380 289 2384 ·
399 2352 432 2417 in
455 2353 575 2437 populo
599 2372 696 2418 carus
721 2352 774 2419 sis.
1550 2348 1553 2413 i

331 2470 369 2536 G.
394 2506 438 2520 -
460 2467 606 2553 Populus
630 2488 684 2534 me
707 2474 805 2534 amat.

329 2585 369 2651 R.
393 2620 437 2634 -
461 2582 624 2648 Serenum
659 2581 847 2657 hibernum,
879 2602 959 2646 aura
995 2581 1129 2658 aestiva,
1165 2581 1258 2667 quies
1293 2582 1406 2660 maris,
1439 2581 1517 2646 lunae

394 2694 508 2770 statuo,
532 2708 626 2754 amor
650 2688 769 2775 populi,
795 2687 982 2753 mobilitatis
1005 2686 1120 2753 ultimo
1144 2689 1286 2772 palmam
1310 2688 1362 2754 do.

264 2807 308 2871 20
331 2805 369 2871 G.
393 2805 606 2891 -Populus
631 2823 683 2870 me
707 2805 859 2871 honorat.

329 2923 369 2989 R.
393 2958 437 2972 -
461 2919 569 2985 Labiis
592 2920 700 3000 credo,
725 2940 783 2986 cor
807 2926 918 2986 autem
942 2939 1059 2985 eorum
1083 2919 1181 3005 longe
1209 2927 1260 2986 est
1282 2942 1302 2985 a
1324 2926 1380 2998 te;
1404 2923 1516 2987 nonest

396 3026 484 3094 enim
506 3026 563 3092 tihi
588 3024 716 3092 fidelior
739 3047 839 3111 quam
862 3028 944 3092 Deo:
966 3045 1046 3092 raro
1066 3026 1244 3112 quidquam
1267 3047 1311 3093 ex
1335 3028 1443 3094 animo
1463 3023 1516 3091 facit

397 3134 527 3220 vulgus,
551 3133 613 3198 nisi
636 3133 832 3199 tumultuari
856 3140 889 3199 et
912 3134 1029 3199 furere
1057 3140 1090 3199 et
1112 3134 1254 3200 saevire.

330 3251 368 3317 G.
391 3288 436 3301 -
459 3249 605 3347 Populus
628 3269 681 3315 me
704 3256 853 3315 veretur.

263 3366 307 3432 25
329 3368 369 3434 R.
394 3404 438 3417 -
461 3366 534 3432 Non
557 3365 657 3431 faciet
680 3364 745 3447 diu,
770 3366 865 3432 facile
895 3366 983 3432 enim
1017 3367 1084 3433 ruit
1106 3368 1192 3453 quod
1217 3387 1284 3433 non
1307 3376 1401 3436 corto
1424 3362 1515 3434 iudicio

397 3473 577 3540 stabilitum
605 3479 664 3539 est.

331 3591 368 3657 G.
393 3627 435 3641 -
459 3588 590 3654 Ardeus
613 3588 647 3653 in
672 3608 724 3654 me
748 3590 857 3675 populi
881 3590 978 3656 favor
1002 3598 1061 3657 est.

330 3699 370 3765 R.
394 3734 438 3748 -
461 3696 602 3761 Ardenti
625 3694 797 3781 principio,
821 3716 920 3782 saepe
944 3697 1050 3762 media
1086 3697 1282 3783 temperies,
1317 3698 1392 3765 finis
1419 3694 1518 3784 algidus

398 3804 469 3880 fuit,
493 3802 579 3887 quod
603 3802 690 3866 haud
714 3802 866 3868 crebrius
894 3804 963 3868 ulla
995 3804 1028 3867 iu
1053 3823 1101 3881 re,
1126 3824 1225 3889 quam
1248 3804 1281 3869 io
1306 3806 1420 3871 studiis
1443 3820 1519 3890 popu·

264 3911 309 3975 30
398 3909 518 3991 lorum,
547 3929 675 3974 cernas.
1551 3911 1553 3998 l

332 4017 370 4083 G.
395 4053 439 4067 -
461 4015 608 4101 Populus
632 4038 684 4083 me
708 4017 831 4083 laudat.

331 4126 371 4191 R.
395 4124 646 4190 -Stultorum
670 4125 742 4190 laus
765 4124 850 4210 apud
874 4124 985 4189 doctos
1009 4124 1144 4190 infamia
1167 4131 1227 4191 est.

332 4233 370 4299 G.
394 4267 438 4282 -
460 4231 605 4318 Populus
629 4252 682 4297 me
707 4232 793 4298 colit.

326 4339 371 4405 R.
395 4374 439 4388 -
462 4337 610 4403 Mirabor
633 4338 659 4402 si
682 4344 750 4404 tam
773 4337 896 4404 inculto
928 4338 1056 4403 cultore
1080 4335 1299 4404 fructifices¹⁴.

332 4446 369 4512 G.
394 4442 606 4529 -Populus
631 4442 733 4509 multa
757 4444 797 4509 de
821 4464 874 4510 me
897 4443 1052 4528 loquitur.

330 4554 370 4619 R.
402 4590 437 4603 ·-
461 4552 503 4619 Et
527 4556 560 4618 tu
586 4571 668 4639 ergo
696 4549 908 4637 popularibus
937 4550 1074 4617 auribus
1109 4550 1180 4618 fidis
1204 4557 1305 4638 atque
1328 4552 1438 4640 ageris
1461 4545 1533 4637 quod
