3284 5750
639 522 825 576 nReNcnsco
857 523 1027 576 PnanRcl

470 884 520 938 35ει
535 880 814 955 Paneqyricum
832 880 874 939 in
893 878 1028 940 ttinere
1046 881 1195 941 matris,

301 1132 434 1218 Suseipe
458 1131 644 1212 funereum,
669 1132 824 1218 genetrix
847 1132 1060 1213 sanctissima,
1085 1139 1229 1213 cantum,

301 1240 408 1324 Atque
431 1259 531 1305 aures
555 1239 694 1305 adverte
718 1238 796 1324 pias,
823 1238 850 1302 si
874 1238 1020 1323 praemia
1045 1239 1137 1305 caelo
1225 1318 1229 1323 .

302 1347 406 1432 Digna
431 1344 542 1411 ferens
566 1346 682 1426 virtus
706 1345 786 1410 alios
810 1365 875 1409 non
900 1345 1026 1430 spernit
1049 1346 1203 1411 honores.

302 1452 386 1529 Quid
408 1451 466 1519 tibi
489 1451 673 1537 pollicear?
699 1450 761 1516 nisi
784 1451 870 1536 quod
894 1451 986 1517 velut
1011 1451 1077 1516 alta
1101 1451 1258 1517 Tonantis

235 1559 257 1624 5
302 1560 419 1644 Regna
442 1565 544 1634 tenes,
569 1554 710 1624 Electa¹⁷
732 1557 791 1622 Dei
814 1564 882 1622 tam
906 1557 1047 1633 nomine,
1071 1579 1170 1642 quam
1200 1579 1249 1640 re,

302 1665 355 1732 Sic
377 1684 507 1750 quoque
531 1671 727 1749 perpetuum
750 1663 838 1729 dabit
861 1663 914 1730 hic
939 1664 995 1729 tihi
1021 1684 1141 1730 nomen
1171 1665 1319 1742 honestas

302 1773 474 1837 Musarum
497 1770 695 1837 celebranda
718 1769 839 1851 chorio,
863 1770 1032 1856 pietasque
1056 1792 1221 1856 suprema,

302 1879 522 1963 Maiestasque
546 1877 655 1960 animi,
680 1877 858 1963 primisque
882 1877 1032 1962 incoepta
1055 1878 1116 1943 sub
1140 1879 1234 1943 annis

303 1986 453 2071 Corpore
476 1985 509 2049 in
533 1984 664 2061 eximio,
689 1984 814 2049 nullam
837 1982 1024 2049 intermissa
1048 2004 1108 2069 per
1131 1986 1248 2050 horam

217 2093 259 2159 10
304 2093 445 2176 Tempus
469 2091 510 2157 ad
533 2097 720 2157 extremum
744 2090 842 2171 vitae,
868 2090 1037 2155 notissima
1061 2090 1174 2156 clarae

303 2199 393 2265 Cura
416 2197 600 2283 pudicitiae,
624 2197 708 2263 facie
732 2197 882 2262 miranda
906 2198 967 2263 sub
990 2198 1056 2262 illa.

303 2306 371 2370 lem
395 2305 506 2371 brevis
530 2304 691 2369 innocuae
715 2323 873 2388 praesens
896 2303 953 2368 tibi
978 2303 1045 2370 vita
1069 2310 1203 2389 peracta

302 2411 409 2479 Efficit
431 2421 468 2478 ut
490 2411 608 2497 populo
631 2430 766 2475 maneas
790 2411 958 2476 narranda
981 2412 1104 2493 futuro,

303 2521 481 2585 AEternum
504 2517 696 2584 veneranda
720 2517 823 2598 bonis,
847 2517 926 2582 mihi
949 2516 1122 2603 flendaque
1147 2539 1290 2605 semper.

214 2624 257 2690 15
302 2625 371 2691 Nee
394 2625 469 2710 quia
493 2623 668 2708 contigerit
691 2622 865 2707 quicquam
889 2623 946 2688 tibi
971 2623 1075 2701 triste,
1097 2624 1256 2707 dolemus,

302 2731 367 2798 Sed
388 2730 465 2816 quia
488 2751 550 2806 me,
574 2730 780 2814 fratremque
789 2727 819 2810 ¹⁸,
846 2749 966 2814 parens
991 2731 1186 2813 dulcissima,
1211 2733 1313 2799 sessos

301 2838 514 2925 Pythagorae
538 2837 571 2902 in
595 2835 692 2919 bivio,
717 2843 750 2903 et
773 2856 891 2902 rerum
914 2837 975 2902 sub
999 2838 1131 2904 turbine
1155 2838 1285 2925 linquis.

302 2949 351 3012 Tu
374 2952 485 3011 tamen
508 2944 702 3027 instabilem,
727 2944 807 3009 felix
831 2964 850 3009 o
874 2946 1059 3031 transfuga,
1088 2948 1247 3013 mundum

302 3054 374 3119 Non
398 3053 469 3118 sine
492 3072 545 3118 me
568 3050 686 3137 fugies
711 3071 773 3116 nec
796 3051 898 3116 stabis
924 3051 994 3117 sola
1017 3053 1180 3137 sepulcro.

213 3160 257 3226 20
293 3159 481 3245 *Egregium
505 3165 646 3224 matrem
669 3157 818 3243 sequitur
842 3158 975 3223 fortuna
998 3159 1136 3225 relictae

303 3266 448 3352 Spesque
472 3266 596 3347 domus,
621 3271 654 3331 et
677 3272 794 3331 cuncta
819 3265 920 3330 animi
943 3265 1058 3331 solatia
1081 3266 1195 3332 nostri.

224 3376 228 3383 ‘
303 3375 375 3458 lpse
398 3392 460 3458 ego
484 3372 548 3437 iam
571 3392 652 3437 saxo
677 3371 791 3437 videor
815 3372 894 3436 mihi
918 3392 1051 3457 pressus
1075 3373 1201 3456 eodem.

303 3481 394 3546 Haeo
418 3480 512 3546 modo
535 3500 639 3565 pauca
662 3478 793 3565 quidem
816 3485 931 3564 pectus
954 3480 1107 3546 testantia
1130 3487 1294 3548 maestum

301 3586 394 3653 Dicta
418 3586 527 3669 velim,
553 3586 610 3651 sed
633 3586 729 3671 plura
753 3586 854 3662 alias3
880 3592 1074 3672 tempusque
1096 3608 1156 3673 per
1179 3608 1278 3655 omne

213 3693 257 3760 25
301 3695 371 3761 Hae
394 3700 461 3775 tua,
486 3693 550 3759 lida
574 3714 704 3779 parem,
729 3693 897 3760 resonabit
920 3694 1027 3779 gloria
1052 3695 1185 3781 lingua:

301 3802 370 3866 Has
392 3801 527 3887 longum
551 3800 708 3885 exequias
731 3800 876 3866 tribuam
899 3800 976 3877 tihi3
1001 3808 1138 3887 postque
1162 3804 1277 3871 caduci

302 3907 459 3993 Corporis
483 3906 664 3988 interitum,
688 3906 774 3991 quod
797 3907 904 3973 adhuc
927 3906 1027 3993 viget,
1053 3908 1184 3994 optima,
1209 3912 1272 3976 sub
1295 3931 1355 3997 qua

301 4015 398 4080 Vivis
422 4015 539 4097 adhue,
563 4014 727 4100 genetrix,
752 4035 828 4081 cum
851 4015 916 4079 iam
940 4016 1175 4101 compresserit
1197 4039 1285 4084 urna

301 4122 368 4188 Hos
392 4121 490 4188 etiam
514 4121 666 4198 eineres;
690 4121 751 4186 nisi
776 4142 829 4187 me
854 4129 982 4206 premat
1005 4122 1179 4190 immemor
1201 4131 1314 4202 aetas3

213 4229 257 4295 30
302 4229 465 4295 Vivemus
490 4227 624 4313 pariter,
650 4226 776 4313 pariter
799 4227 1060 4293 memorabimur
1083 4230 1190 4295 ambo.

303 4336 359 4401 Sin
383 4334 479 4401 aliter
503 4336 572 4401 fors
596 4335 679 4400 dura
704 4342 807 4420 parat,
831 4355 986 4420 morsque
1010 4335 1120 4401 invida
1143 4345 1293 4404 nostram

303 4442 499 4509 Extinctura
522 4442 614 4507 venit
636 4441 748 4528 fragili
771 4463 846 4508 cum
870 4462 1011 4528 corpore
1035 4443 1167 4526 famam,

303 4551 352 4622 Tu
376 4551 503 4633 saltem,
527 4556 563 4615 tu
586 4550 664 4628 sola,
689 4570 820 4636 precor,
844 4557 917 4635 post
939 4552 1034 4617 busta
1057 4559 1226 4637 superstes
