3284 5750
799 714 854 731 nm*
866 709 868 712 '

520 850 562 897 nn
578 849 735 897 numanus
759 829 947 905 nrmosoun
970 847 1132 896 suasura
1402 827 1466 894 127

315 1027 402 1094 soliti
426 1034 502 1094 sunt
525 1034 690 1113 parentes,
715 1048 777 1093 nec
813 1027 890 1092 dum
925 1026 1180 1092 adolescentium
1208 1046 1248 1091 ea
1276 1031 1326 1091 est
1348 1024 1462 1110 pietas,

320 1142 377 1201 aut
400 1135 563 1200 maiorum
586 1134 789 1216 reverentia,
813 1154 899 1219 quae
922 1153 1060 1218 sperare
1089 1132 1177 1198 aliud
1201 1139 1305 1218 cogat,
1330 1132 1415 1216 quod
1440 1132 1466 1196 si

319 1243 406 1308 forte
430 1248 565 1327 praeter
589 1262 680 1326 spem
704 1243 866 1323 evenerit,
891 1241 1019 1306 nullum
1042 1239 1075 1304 in
1098 1239 1197 1305 terris
1221 1239 1312 1304 caelo
1336 1240 1463 1324 gratius

316 1349 541 1436 spectaculum
565 1348 646 1436 fingi
671 1355 778 1434 queat.

207 1463 227 1530 5
251 1466 289 1532 G.
314 1502 359 1515 -
382 1465 440 1530 Est
463 1463 540 1528 mihi
565 1470 672 1530 mater
698 1463 829 1549 optima.

200 1610 213 1624 ·
248 1583 289 1649 R.
314 1581 460 1647 -Esto
483 1581 530 1646 illi
553 1581 671 1647 saltem
694 1582 798 1647 bonus
823 1580 920 1661 filius,
945 1580 1079 1647 scitote
1103 1580 1149 1644 illi
1172 1580 1316 1665 primum
1340 1580 1465 1665 pondus

316 1709 356 1778 ac
391 1688 536 1754 taedium
563 1687 681 1769 fuisse,
717 1687 835 1753 dehinc
866 1687 1068 1754 acerrimum
1099 1687 1265 1768 dolorem,
1294 1693 1366 1772 post
1390 1708 1467 1753 con-

217 1793 222 1807 '
316 1794 443 1860 tinuum
468 1795 617 1859 laborem
641 1794 868 1879 trepidamque
892 1793 1152 1860 sollicitudinem.
1177 1795 1343 1860 Memento
1368 1793 1464 1871 uteri,

316 1901 536 1986 altricumque
573 1901 735 1978 uberum;
771 1907 850 1986 quot
880 1900 927 1965 illi
950 1921 1090 1976 somnos,
1114 1908 1258 1986 quotque
1282 1921 1342 1966 seu
1362 1901 1465 1982 eiboS,

316 2028 375 2073 seu
392 2007 479 2074 iocos
501 2007 564 2074 tuis
580 2005 711 2073 fletibus
727 2006 921 2093 abruperis!
946 2008 1033 2083 Quot
1055 2014 1112 2073 aut
1134 2014 1241 2073 metus
1263 2014 1320 2074 aut
1336 2007 1466 2073 dolores

314 2115 380 2181 tuis
397 2116 525 2181 casibus
539 2115 669 2200 peperis
691 2122 724 2182 et
735 2115 877 2181 fortasse
891 2136 1125 2199 nonnunquam
1138 2115 1323 2199 periculosa
1336 2135 1466 2199 quoque

316 2221 457 2308 gaudia!
483 2223 587 2307 Saepe
605 2223 694 2288 enim
718 2228 753 2288 ut
769 2222 862 2288 dolor
887 2221 1029 2287 filiorum
1067 2222 1192 2297 mortis,
1229 2223 1287 2299 sic,
1310 2222 1464 2306 gaudium

315 2329 403 2394 vitae
426 2329 565 2394 miseras
590 2336 714 2395 matres
737 2330 824 2394 mori
848 2329 1012 2414 compulit.
1030 2329 1143 2395 Patuit
1166 2329 1228 2395 hoc
1257 2329 1372 2395 ultimu
1393 2350 1466 2396 meo

321 2435 443 2501 clarius
474 2435 526 2500 die
550 2456 614 2520 quo
639 2435 798 2521 reliquiae
823 2435 924 2501 cladis
957 2436 997 2500 ad
1022 2437 1263 2500 Trasumenum
1299 2442 1465 2520 acceptae,

200 2539 232 2605 15
322 2542 474 2622 Romam,
491 2562 603 2626 sparso
627 2542 768 2627 agmine,
788 2543 991 2626 repetebant,
1016 2541 1101 2606 duae
1125 2548 1258 2623 matres,
1276 2540 1359 2617 filiis,
1384 2562 1466 2627 quos

318 2649 351 2713 in
383 2648 454 2714 acie
477 2649 633 2714 cecidisse
658 2649 882 2715 referentibus
906 2649 1127 2724 crediderant,
1149 2649 1342 2735 conspectis,
1360 2649 1468 2733 inspe-

320 2755 385 2821 rati
417 2754 527 2841 gaudii
550 2775 616 2820 non
637 2776 788 2840 capaces,
814 2755 969 2821 efflarunt
1003 2755 1146 2840 spiritus.
1170 2755 1228 2820 His
1262 2762 1361 2840 atque
1395 2756 1467 2820 aliis

317 2859 481 2944 effectum,
496 2860 633 2928 utnulla
650 2862 736 2929 inter
754 2863 902 2929 homines
918 2864 1025 2929 maior
1041 2869 1128 2929 esset
1144 2862 1354 2948 ingratitudo,
1367 2884 1466 2948 quam

316 2989 401 3055 quae
426 2969 460 3033 in
481 2976 622 3035 matrem
646 2970 839 3036 admittitur.
869 3020 871 3023 ψ

201 3079 232 3146 20
252 3085 287 3151 G.
312 3122 356 3135 -
380 3084 497 3151 Adhuc
520 3105 644 3151 annosa
668 3093 820 3170 superest
842 3086 1006 3172 genetrix.

252 3201 289 3267 R.
313 3238 358 3251 -
382 3200 540 3277 Quotiens
564 3199 650 3268 hanc
674 3201 789 3287 aspicis
813 3202 910 3266 simul
933 3209 1061 3268 terram
1085 3204 1226 3284 intuens,
1248 3203 1353 3288 cogita
1379 3203 1466 3269 unde

316 3307 430 3373 venias
455 3314 488 3374 et
510 3328 575 3393 quo
599 3328 728 3394 pergas,
753 3330 849 3393 quam
872 3315 905 3375 te
937 3316 1111 3395 angustum
1137 3310 1360 3375 habitaculum
1387 3310 1467 3375 emi-

317 3414 408 3494 serit,
434 3435 532 3499 quam
556 3421 731 3500 angustum
767 3416 918 3501 excipiet.
943 3418 990 3482 De
1015 3423 1132 3482 ventre
1170 3416 1284 3482 matris
1311 3416 1466 3501 propriae

316 3522 350 3585 in
375 3528 507 3587 uterum
531 3528 639 3588 terrae
663 3522 777 3589 matris
801 3523 948 3589 omnium
970 3523 1139 3604 festinans,
1164 3524 1340 3609 superbiae
1368 3530 1466 3609 atque

200 3618 231 3689 25
316 3627 478 3693 avaritiae
503 3628 636 3693 frenum
660 3629 797 3715 stringe.

204 3788 214 3843 l
230 3794 300 3850 cielo
319 3809 428 3850 sereno
441 3794 545 3851 finisce
559 3796 786 3851 ooll'annoiaroi
799 3798 977 3866 (LXXXVI),
993 3798 1020 3851 la
1036 3798 1235 3866 navigatione
1254 3797 1270 3853 e
1291 3800 1465 3867 malsicura‚
1502 3849 1504 3854 .

256 3882 292 3938 ne
313 3891 420 3953 troppo
439 3884 465 3939 ci
486 3884 624 3939 dobbiam
636 3886 811 3953 ⁴rallegrare
825 3886 945 3955 quando
959 3886 1074 3941 usciam
1089 3887 1117 3942 di
1133 3888 1272 3956 prigione
1286 3888 1467 3955 (LXXXVII-

255 3974 422 4041 LXXXIX).
445 3974 482 4027 La
502 3972 693 4043 tranquillita
715 3973 731 4030 ὁ
750 3974 841 4040 tedio,
862 3975 890 4030 la
910 3982 1035 4045 potenza
1054 3974 1232 4042 instabilitd,
1253 3976 1280 4030 la
1302 3976 1395 4044 gloria
1415 3991 1467 4031 va-

254 4060 329 4130 nua,
350 4062 379 4117 la
398 4060 589 4117 beneficenza
608 4063 733 4118 talvolta
761 4064 923 4133 superbia,
945 4065 973 4119 la
991 4062 1159 4134 popolarita
1178 4065 1323 4120 insidiosa
1342 4064 1466 4120 fortuna

255 4152 437 4220 (XC-XCIV).
459 4152 468 4205 l
501 4151 614 4219 iranni,
634 4151 644 4206 i
665 4165 707 4219 re,
729 4152 950 4222 gl'imperatori
971 4160 1044 4208 sono
1063 4154 1175 4222 esposti
1195 4154 1224 4209 ai
1242 4152 1295 4222 piu
1310 4154 1395 4222 gravi
1416 4168 1467 4223 pe-

254 4239 340 4295 ricoli
361 4240 570 4309 (XCV—XCVI).

577 4441 630 4501 De
651 4456 779 4502 amore
798 4443 928 4517 populi
947 4446 1066 4515 (XCIV).

249 4658 411 4723 Grumum
435 4658 647 4743 -Populus
671 4678 724 4725 me
748 4666 847 4726 amat.

249 4765 357 4831 Ramo
381 4800 425 4814 -
448 4764 595 4830 Subsiste
619 4765 798 4851 paululum,
823 4786 901 4832 mox
924 4766 1041 4833 oderit.

252 4870 289 4937 G.
314 4906 358 4921 -
382 4869 528 4957 Populus
558 4890 611 4936 me
638 4870 752 4959 diligit.
