3284 5750
399 728 402 733 ·
443 709 612 760 nrmrmn
635 712 678 759 nn
693 709 799 759 nanos
823 707 1058 762 rammamnns
1327 688 1392 760 155
1443 704 1446 708 “

192 888 223 955 si
248 888 495 975 opulentissimo
516 889 649 974 ingenio
676 888 879 975 permittitur
903 889 1068 956 librorum
1089 890 1271 977 patrocinia
1298 910 1392 956 men·

194 996 327 1077 dicare,
351 997 429 1081 quid
459 1004 555 1082 putas
585 997 688 1063 licere
717 996 832 1082 inopi?
862 997 954 1064 Haec
987 1017 1048 1084 pro
1073 998 1287 1064 excusatione
1320 998 1393 1064 vitii

195 1103 273 1180 mei,
297 1124 424 1189 proque
447 1104 564 1171 solatio
587 1110 756 1170 tantorum
779 1104 935 1170 comitum
959 1104 1044 1171 dicta
1071 1105 1145 1171 sint.
1170 1100 1219 1171 Tu
1243 1125 1337 1187 vero,
1365 1105 1391 1170 si

194 1209 255 1275 tibi
278 1230 378 1276 carus
393 1232 477 1287 snm,
494 1209 657 1295 aliquibus
681 1208 752 1287 fidis
776 1216 808 1276 et
825 1210 975 1276 litteratis
999 1210 1080 1276 viris
1097 1211 1183 1277 banc
1201 1232 1318 1277 curam
1334 1212 1394 1276 im-

129 1317 144 1381 i
196 1316 318 1402 ponito.
338 1316 508 1383 Etruriam
524 1316 726 1402 perquirant,
744 1315 978 1402 religiosorum
999 1316 1177 1383 annuaria⁸
1193 1318 1393 1385 convolvant

196 1423 455 1509 ceterorumque
474 1424 698 1492 studiosorum
713 1424 895 1506 hominum,
912 1423 939 1489 si
962 1424 1039 1510 quid
1062 1445 1167 1510 usque
1191 1432 1391 1511 emergeret,

197 1528 388 1612 leniendae,
413 1531 534 1613 dicam,
558 1551 601 1595 an
624 1529 806 1595 irritandae
834 1530 885 1595 siti
914 1550 1008 1596 meae
1033 1530 1196 1597 idoneum.
1222 1532 1392 1614 Ceterum,

197 1635 259 1703 etsi
283 1657 349 1704 non
373 1638 509 1722 ignores
542 1638 661 1724 quibus
696 1636 833 1703 lacubus
868 1636 998 1722 piscari,
1023 1638 1204 1723 quibusque
1228 1637 1409 1705 fruticetis¹

197 1744 358 1830 aucupari
381 1745 485 1827 soleo,
510 1765 552 1811 ne
576 1765 640 1829 qua
664 1751 774 1811 tamen
797 1743 868 1832 falli
891 1765 1005 1830 queas,
1028 1745 1078 1810 bis
1102 1765 1252 1812 seorsum
1275 1746 1393 1812 litteris

129 1851 152 1917 0
198 1851 277 1937 quid
300 1852 443 1918 maxime
459 1852 560 1918 velim
583 1850 776 1918 interserui:
794 1872 925 1937 quoque
948 1851 1139 1937 vigilantior
1156 1852 1224 1935 lias,
1241 1853 1321 1919 scito
1338 1873 1392 1919 me

198 1957 333 2025 easdem
346 1979 462 2045 preces
475 1958 588 2025 amicis
604 1958 677 2024 aliis
693 1958 728 2024 in
744 1958 953 2024 Britanniam
969 1959 1156 2045 Galliasque
1172 1967 1206 2026 et
1220 1960 1392 2046 Hispanias

197 2065 386 2133 destinasse.
416 2066 465 2132 Ne
498 2066 552 2133 cui
587 2086 670 2152 ergo
701 2064 765 2132 fide
796 2065 849 2132 vel
880 2066 1040 2133 industria
1069 2068 1206 2134 cessisse
1236 2067 1391 2151 videaris,

196 2172 337 2241 enitere.
354 2174 452 2241 Vale.

216 2493 402 2553 hancbane
424 2495 574 2552 Petrarcn
593 2494 755 2565 prioribus
774 2497 904 2569 artium,
922 2496 1108 2554 vexillifero
1128 2497 1285 2569 institiae,

471 2621 647 2691 populoque
666 2622 836 2679 florentino
857 2622 888 2679 S.
908 2623 943 2677 P.
963 2624 1001 2679 Ι).
1020 2623 1032 2659 ⁹

288 2818 358 2884 Iam
392 2818 470 2886 satis
505 2839 558 2886 me
593 2818 716 2886 vixisse
751 2820 914 2903 arbitror,
950 2819 1062 2906 optimi
1099 2819 1203 2904 cives,
1236 2826 1269 2888 et
1300 2819 1391 2887 illam

130 2924 152 2991 5
197 2925 354 3012 sapientis
378 2926 474 2993 amici
498 2947 614 2993 vocem
638 2927 755 2994 audire
777 2927 917 2994 videor:
948 2948 1083 2994 morere
1107 2928 1185 2993 dum
1207 2929 1314 2995 laetus
1337 2948 1390 2995 es:

197 3022 415 3119 nequeenim
451 3055 487 3100 es
523 3033 556 3099 in
591 3035 723 3100 caelum
756 3034 987 3101 adscensurus.
1012 3035 1293 3102 praeclarissime.
1319 3037 1391 3112 Quo

199 3139 289 3206 enim
311 3139 502 3206 insatiabilis
526 3140 587 3208 ista
610 3142 771 3227 cupiditas
787 3141 948 3207 vivendil
965 3141 1112 3225 Virtute,
1138 3163 1203 3209 non
1226 3162 1392 3208 annorum

199 3267 349 3329 numero,
374 3247 538 3315 metienda
560 3248 709 3331 felicitas,
732 3256 766 3315 et
803 3270 879 3315 curn
913 3250 1109 3334 perveneris
1135 3269 1200 3336 quc
1221 3249 1391 3332 tendebas,

199 3353 413 3420 desinendum
436 3362 495 3422 est.
521 3355 656 3422 Audebo
680 3355 811 3441 quidem
834 3357 919 3442 apud
942 3378 1001 3423 vos
1025 3357 1218 3423 familiarius
1241 3355 1390 3443 gloriari,

130 3460 153 3524 0
201 3479 307 3545 eoque
331 3459 484 3527 fidentius
507 3461 603 3546 quod,
628 3462 927 3548 quantulacumque
942 3463 996 3529 vel
1015 3483 1088 3529 esse
1105 3464 1160 3530 vel
1183 3463 1262 3548 fingi
1286 3469 1392 3548 potest

199 3587 272 3633 mea
296 3567 412 3654 gloria,
438 3567 580 3655 ingentis
610 3569 738 3653 gloriae
766 3575 898 3636 vestrae
929 3569 1114 3656 perexigua
1142 3569 1302 3656 quaedam
1327 3569 1393 3637 erit

198 3674 354 3740 accessio.
379 3675 554 3760 Nunquam
588 3695 666 3761 opes
701 3683 759 3741 aut
792 3676 971 3761 potentiam
1007 3677 1127 3762 optavi,
1152 3677 1192 3742 ad
1224 3697 1306 3761 quas
1329 3677 1391 3742 etsi

199 3801 266 3847 non
289 3782 377 3848 forte
401 3782 604 3868 pertingere,
629 3790 664 3849 at
687 3783 806 3849 saltem
829 3783 998 3869 suspirare
1021 3784 1219 3870 permissum
1242 3790 1325 3861 erat,
1349 3785 1390 3849 ab

198 3887 293 3953 annis
316 3889 442 3955 teneris
476 3909 580 3975 parva
615 3890 737 3956 ducens
771 3908 856 3976 quae
879 3886 989 3956 multis
1013 3890 1156 3956 maxima
1179 3890 1388 3957 videbantur.

129 3993 151 4058 5
197 3993 234 4059 Id
263 3995 351 4062 unde
382 3995 461 4061 mihi
496 3996 625 4082 quidem
660 3996 792 4074 nescic;
816 3997 874 4064 sed
909 4018 963 4063 me
985 4018 1067 4063 vera
1104 3997 1193 4082 loqui
1228 3997 1319 4064 testis
1343 4004 1392 4064 est

196 4101 275 4185 vita,
298 4103 390 4169 testis
413 4102 529 4182 oratio,
553 4104 644 4171 testis
675 4109 724 4170 est
751 4104 878 4170 animus
909 4126 1013 4171 meus.
1038 4106 1111 4171 Huc
1138 4124 1252 4171 omnes
1281 4125 1390 4187 curas,

196 4229 309 4276 omnes
332 4209 461 4297 vigilias
485 4231 576 4277 meas
592 4211 690 4292 verti,
707 4211 734 4276 si
750 4233 815 4297 quo
839 4211 945 4278 studio
970 4212 1082 4278 datum
1105 4218 1201 4294 esset,
1227 4218 1264 4278 ut
1285 4213 1391 4279 bonus

198 4315 326 4396 fierem,
350 4324 407 4384 aut
428 4317 593 4384 bonorum
615 4318 848 4385 benevolentia
872 4339 939 4384 non
961 4317 1123 4404 indignus.
1149 4320 1299 4395 Quorum
1323 4319 1391 4405 pri-

196 4443 286 4489 mum
322 4424 466 4490 nondum
495 4424 671 4510 contigisse
702 4424 780 4489 mihi
812 4424 928 4502 dcleo;
953 4424 1131 4492 secundum
1166 4445 1249 4491 vero
1276 4432 1390 4493 vestro

129 4530 150 4596 0
196 4549 336 4597 munere
370 4551 469 4617 quam
503 4531 680 4613 cumulate,
715 4550 879 4617 quamque
914 4553 1016 4617 supra
1054 4553 1145 4618 spem
1181 4532 1390 4614 successerit,

196 4637 410 4704 suavissimus
444 4637 632 4705 litterarum
658 4644 849 4705 vestrarum
882 4646 979 4705 tenor
1015 4639 1157 4706 indicat:
1188 4658 1232 4705 ex
1261 4639 1390 4725 quibus

196 4745 315 4830 fateor,
339 4764 407 4812 non
432 4744 539 4811 minus
562 4764 616 4811 me
639 4745 783 4831 stuporis
800 4745 989 4832 percepisse
1004 4766 1104 4831 quam
1120 4744 1240 4832 gaudii.
1257 4744 1391 4812 Gaudeo
