<?xml version="1.0" encoding="UTF-8"?>
<!DOCTYPE html PUBLIC "-//W3C//DTD XHTML 1.0 Transitional//EN"
    "http://www.w3.org/TR/xhtml1/DTD/xhtml1-transitional.dtd">
<html xmlns="http://www.w3.org/1999/xhtml" xml:lang="en" lang="en">
 <head>
  <title>
</title>
<meta http-equiv="Content-Type" content="text/html;charset=utf-8" />
  <meta name='ocr-system' content='tesseract 3.04.00' />
  <meta name='ocr-capabilities' content='ocr_page ocr_carea ocr_par ocr_line ocrx_word'/>
</head>
<body>
  <div class='ocr_page' id='page_1' title='image "./operelatineanto00petrgoog_0206.png"; bbox 0 0 3284 5750; ppageno 0'>
   <div class='ocr_carea' id='block_1_1' title="bbox 573 701 1566 803">
    <p class='ocr_par' dir='ltr' id='par_1_1' title="bbox 573 701 1566 803">
     <span class='ocr_line' id='line_1_1' title="bbox 573 701 1566 803; baseline -0.003 -22"><span class='ocrx_word' id='word_1_1' title='bbox 573 723 741 783; x_wconf 74' lang='lat' dir='ltr'>ltrtsrnma&#39;</span> <span class='ocrx_word' id='word_1_2' title='bbox 769 725 886 782; x_wconf 81' lang='lat' dir='ltr'>anuum</span> <span class='ocrx_word' id='word_1_3' title='bbox 911 722 1068 781; x_wconf 80' lang='lat' dir='ltr'>sammon</span> <span class='ocrx_word' id='word_1_4' title='bbox 1398 701 1458 778; x_wconf 75' lang='lat' dir='ltr'>tal</span> <span class='ocrx_word' id='word_1_5' title='bbox 1562 787 1566 803; x_wconf 55' lang='lat'>,</span> 
     </span>
    </p>
   </div>
   <div class='ocr_carea' id='block_1_2' title="bbox 269 910 1558 1107">
    <p class='ocr_par' dir='ltr' id='par_1_2' title="bbox 269 910 1558 1107">
     <span class='ocr_line' id='line_1_2' title="bbox 269 910 1531 999; baseline -0.005 -19"><span class='ocrx_word' id='word_1_6' title='bbox 269 913 370 993; x_wconf 87' lang='lat' dir='ltr'>falsis,</span> <span class='ocrx_word' id='word_1_7' title='bbox 394 913 507 999; x_wconf 89' lang='lat' dir='ltr'>quanti</span> <span class='ocrx_word' id='word_1_8' title='bbox 535 920 702 998; x_wconf 81' lang='lat' dir='ltr'>nequeant</span> <span class='ocrx_word' id='word_1_9' title='bbox 730 918 918 979; x_wconf 82' lang='lat' dir='ltr'>constantes</span> <span class='ocrx_word' id='word_1_10' title='bbox 949 910 1059 993; x_wconf 89' lang='lat' dir='ltr'>animi,</span> <span class='ocrx_word' id='word_1_11' title='bbox 1084 913 1155 978; x_wconf 88' lang='lat' dir='ltr'>siue</span> <span class='ocrx_word' id='word_1_12' title='bbox 1183 912 1323 997; x_wconf 89' lang='lat' dir='ltr'>quodam</span> <span class='ocrx_word' id='word_1_13' title='bbox 1350 919 1462 977; x_wconf 89' lang='lat' dir='ltr'>tamen</span> <span class='ocrx_word' id='word_1_14' title='bbox 1527 929 1531 936; x_wconf 85' lang='grc'><strong>’</strong></span> 
     </span>
     <span class='ocr_line' id='line_1_3' title="bbox 272 1007 1558 1107; baseline -0.004 -20"><span class='ocrx_word' id='word_1_15' title='bbox 272 1042 399 1107; x_wconf 84' lang='lat' dir='ltr'>angore</span> <span class='ocrx_word' id='word_1_16' title='bbox 423 1041 489 1086; x_wconf 90' lang='lat' dir='ltr'>non</span> <span class='ocrx_word' id='word_1_17' title='bbox 505 1021 616 1086; x_wconf 82' lang='lat' dir='ltr'>fuerat</span> <span class='ocrx_word' id='word_1_18' title='bbox 640 1020 726 1105; x_wconf 91' lang='lat' dir='ltr'>apud</span> <span class='ocrx_word' id='word_1_19' title='bbox 749 1020 896 1085; x_wconf 92' lang='lat' dir='ltr'>animum</span> <span class='ocrx_word' id='word_1_20' title='bbox 920 1039 1030 1084; x_wconf 92' lang='lat' dir='ltr'>meum</span> <span class='ocrx_word' id='word_1_21' title='bbox 1051 1019 1133 1085; x_wconf 85' lang='lat' dir='ltr'>falsa</span> <span class='ocrx_word' id='word_1_22' title='bbox 1155 1019 1233 1086; x_wconf 86' lang='lat' dir='ltr'>licet</span> <span class='ocrx_word' id='word_1_23' title='bbox 1255 1018 1363 1105; x_wconf 93' lang='lat' dir='ltr'>opinio</span> <span class='ocrx_word' id='word_1_24' title='bbox 1380 1018 1463 1085; x_wconf 90' lang='lat' dir='ltr'>tanti</span> <span class='ocrx_word' id='word_1_25' title='bbox 1555 1007 1558 1012; x_wconf 68' lang='grc'><strong>’</strong></span> 
     </span>
    </p>
   </div>
   <div class='ocr_carea' id='block_1_3' title="bbox 268 1126 1556 1315">
    <p class='ocr_par' dir='ltr' id='par_1_3' title="bbox 268 1126 1563 1315">
     <span class='ocr_line' id='line_1_4' title="bbox 268 1126 1556 1214; baseline -0.002 -21"><span class='ocrx_word' id='word_1_26' title='bbox 268 1129 343 1206; x_wconf 89' lang='lat' dir='ltr'>viri,</span> <span class='ocrx_word' id='word_1_27' title='bbox 368 1148 475 1214; x_wconf 90' lang='lat' dir='ltr'>neque</span> <span class='ocrx_word' id='word_1_28' title='bbox 497 1128 564 1193; x_wconf 94' lang='lat' dir='ltr'>ullo</span> <span class='ocrx_word' id='word_1_29' title='bbox 588 1132 682 1213; x_wconf 87' lang='lat' dir='ltr'>pacto</span> <span class='ocrx_word' id='word_1_30' title='bbox 705 1127 806 1193; x_wconf 87' lang='lat' dir='ltr'>velim</span> <span class='ocrx_word' id='word_1_31' title='bbox 830 1126 1021 1193; x_wconf 77' lang='lat' dir='ltr'>diuturnam</span> <span class='ocrx_word' id='word_1_32' title='bbox 1048 1127 1130 1193; x_wconf 89' lang='lat' dir='ltr'>adeo</span> <span class='ocrx_word' id='word_1_33' title='bbox 1153 1126 1265 1208; x_wconf 85' lang='lat' dir='ltr'>luisse,</span> <span class='ocrx_word' id='word_1_34' title='bbox 1291 1134 1326 1192; x_wconf 91' lang='lat' dir='ltr'>ut</span> <span class='ocrx_word' id='word_1_35' title='bbox 1350 1127 1390 1192; x_wconf 94' lang='lat' dir='ltr'>de</span> <span class='ocrx_word' id='word_1_36' title='bbox 1407 1146 1461 1191; x_wconf 90' lang='lat' dir='ltr'>me</span> <span class='ocrx_word' id='word_1_37' title='bbox 1532 1147 1556 1170; x_wconf 59' lang='lat'>-,</span> 
     </span>
     <span class='ocr_line' id='line_1_5' title="bbox 269 1233 1463 1315; baseline -0.003 -13"><span class='ocrx_word' id='word_1_38' title='bbox 269 1237 348 1302; x_wconf 89' lang='lat' dir='ltr'>talia</span> <span class='ocrx_word' id='word_1_39' title='bbox 371 1235 577 1315; x_wconf 85' lang='lat' dir='ltr'>sentientem,</span> <span class='ocrx_word' id='word_1_40' title='bbox 601 1234 655 1300; x_wconf 86' lang='lat' dir='ltr'>vel</span> <span class='ocrx_word' id='word_1_41' title='bbox 679 1254 753 1300; x_wconf 87' lang='lat' dir='ltr'>mea</span> <span class='ocrx_word' id='word_1_42' title='bbox 775 1233 950 1315; x_wconf 76' lang='lat' dir='ltr'>illum,uel</span> <span class='ocrx_word' id='word_1_43' title='bbox 972 1255 1031 1299; x_wconf 91' lang='lat' dir='ltr'>sua</span> <span class='ocrx_word' id='word_1_44' title='bbox 1047 1234 1115 1299; x_wconf 89' lang='lat' dir='ltr'>dies</span> <span class='ocrx_word' id='word_1_45' title='bbox 1145 1233 1260 1299; x_wconf 89' lang='lat' dir='ltr'>ultima</span> <span class='ocrx_word' id='word_1_46' title='bbox 1280 1233 1463 1299; x_wconf 88' lang='lat' dir='ltr'>inventura</span> 
     </span>
    </p>
   </div>
   <div class='ocr_carea' id='block_1_4' title="bbox 198 1332 1564 1639">
    <p class='ocr_par' dir='ltr' id='par_1_4' title="bbox 198 1332 1564 1639">
     <span class='ocr_line' id='line_1_6' title="bbox 198 1332 1564 1427; baseline -0.001 -20"><span class='ocrx_word' id='word_1_47' title='bbox 198 1343 222 1407; x_wconf 88' lang='lat'>5</span> <span class='ocrx_word' id='word_1_48' title='bbox 268 1342 380 1408; x_wconf 85' lang='lat' dir='ltr'>fuerit.</span> <span class='ocrx_word' id='word_1_49' title='bbox 405 1341 478 1407; x_wconf 88' lang='lat' dir='ltr'>Scio</span> <span class='ocrx_word' id='word_1_50' title='bbox 513 1350 625 1407; x_wconf 88' lang='lat' dir='ltr'>autom</span> <span class='ocrx_word' id='word_1_51' title='bbox 659 1340 845 1427; x_wconf 87' lang='lat' dir='ltr'>expectari</span> <span class='ocrx_word' id='word_1_52' title='bbox 868 1361 1063 1425; x_wconf 89' lang='lat' dir='ltr'>responsum</span> <span class='ocrx_word' id='word_1_53' title='bbox 1096 1362 1216 1423; x_wconf 91' lang='lat' dir='ltr'>meum,</span> <span class='ocrx_word' id='word_1_54' title='bbox 1253 1348 1286 1406; x_wconf 92' lang='lat' dir='ltr'>et</span> <span class='ocrx_word' id='word_1_55' title='bbox 1323 1332 1463 1426; x_wconf 90' lang='lat' dir='ltr'>quanvis</span> <span class='ocrx_word' id='word_1_56' title='bbox 1560 1369 1564 1374; x_wconf 96' lang='lat'>·</span> 
     </span>
     <span class='ocr_line' id='line_1_7' title="bbox 269 1434 1564 1532; baseline -0.002 -19"><span class='ocrx_word' id='word_1_57' title='bbox 269 1447 487 1513; x_wconf 86' lang='lat' dir='ltr'>humilitatem</span> <span class='ocrx_word' id='word_1_58' title='bbox 511 1434 619 1513; x_wconf 86' lang='lat' dir='ltr'>meam</span> <span class='ocrx_word' id='word_1_59' title='bbox 642 1447 732 1512; x_wconf 91' lang='lat' dir='ltr'>illinc</span> <span class='ocrx_word' id='word_1_60' title='bbox 755 1445 979 1512; x_wconf 66' lang='lat' dir='ltr'>et‘Pontidcis</span> <span class='ocrx_word' id='word_1_61' title='bbox 1003 1448 1107 1532; x_wconf 90' lang='lat' dir='ltr'>pietas</span> <span class='ocrx_word' id='word_1_62' title='bbox 1135 1453 1167 1513; x_wconf 93' lang='lat' dir='ltr'>et</span> <span class='ocrx_word' id='word_1_63' title='bbox 1196 1453 1251 1513; x_wconf 90' lang='lat' dir='ltr'>tua</span> <span class='ocrx_word' id='word_1_64' title='bbox 1275 1446 1462 1512; x_wconf 87' lang='lat' dir='ltr'>humanitas</span> <span class='ocrx_word' id='word_1_65' title='bbox 1560 1437 1564 1446; x_wconf 79' lang='grc'><strong>’</strong></span> 
     </span>
     <span class='ocr_line' id='line_1_8' title="bbox 269 1552 1463 1639; baseline 0.001 -20"><span class='ocrx_word' id='word_1_66' title='bbox 269 1561 302 1620; x_wconf 89' lang='lat' dir='ltr'>ct</span> <span class='ocrx_word' id='word_1_67' title='bbox 335 1554 517 1620; x_wconf 88' lang='lat' dir='ltr'>amicorum</span> <span class='ocrx_word' id='word_1_68' title='bbox 553 1574 670 1639; x_wconf 90' lang='lat' dir='ltr'>preces</span> <span class='ocrx_word' id='word_1_69' title='bbox 704 1561 737 1619; x_wconf 92' lang='lat' dir='ltr'>et</span> <span class='ocrx_word' id='word_1_70' title='bbox 772 1554 930 1619; x_wconf 79' lang='lat' dir='ltr'>lacrimae</span> <span class='ocrx_word' id='word_1_71' title='bbox 966 1555 1183 1620; x_wconf 89' lang='lat' dir='ltr'>vehementer</span> <span class='ocrx_word' id='word_1_72' title='bbox 1217 1555 1361 1633; x_wconf 79' lang='lat' dir='ltr'>trahant,</span> <span class='ocrx_word' id='word_1_73' title='bbox 1386 1552 1463 1620; x_wconf 89' lang='lat' dir='ltr'>hinc</span> 
     </span>
    </p>
   </div>
   <div class='ocr_carea' id='block_1_5' title="bbox 179 1660 1566 2062">
    <p class='ocr_par' dir='ltr' id='par_1_5' title="bbox 179 1660 1566 2062">
     <span class='ocr_line' id='line_1_9' title="bbox 268 1660 1566 1752; baseline -0.002 -25"><span class='ocrx_word' id='word_1_74' title='bbox 268 1681 420 1727; x_wconf 91' lang='lat' dir='ltr'>meorum</span> <span class='ocrx_word' id='word_1_75' title='bbox 454 1660 588 1726; x_wconf 89' lang='lat' dir='ltr'>consilia</span> <span class='ocrx_word' id='word_1_76' title='bbox 623 1661 803 1746; x_wconf 86' lang='lat' dir='ltr'>impellant,</span> <span class='ocrx_word' id='word_1_77' title='bbox 830 1660 915 1726; x_wconf 86' lang='lat' dir='ltr'>fixus</span> <span class='ocrx_word' id='word_1_78' title='bbox 954 1667 1064 1726; x_wconf 92' lang='lat' dir='ltr'>tamen</span> <span class='ocrx_word' id='word_1_79' title='bbox 1101 1662 1133 1725; x_wconf 93' lang='lat' dir='ltr'>in</span> <span class='ocrx_word' id='word_1_80' title='bbox 1168 1660 1333 1747; x_wconf 92' lang='lat' dir='ltr'>proposito</span> <span class='ocrx_word' id='word_1_81' title='bbox 1357 1660 1462 1745; x_wconf 91' lang='lat' dir='ltr'>primo</span> <span class='ocrx_word' id='word_1_82' title='bbox 1555 1673 1566 1752; x_wconf 53' lang='grc' dir='ltr'>ζ</span> 
     </span>
     <span class='ocr_line' id='line_1_10' title="bbox 270 1751 1565 1853; baseline -0.001 -21"><span class='ocrx_word' id='word_1_83' title='bbox 270 1788 353 1832; x_wconf 88' lang='lat' dir='ltr'>sum.</span> <span class='ocrx_word' id='word_1_84' title='bbox 378 1766 430 1831; x_wconf 93' lang='lat' dir='ltr'>Nil</span> <span class='ocrx_word' id='word_1_85' title='bbox 454 1773 504 1833; x_wconf 88' lang='lat' dir='ltr'>est</span> <span class='ocrx_word' id='word_1_86' title='bbox 527 1766 655 1852; x_wconf 90' lang='lat' dir='ltr'>penitus</span> <span class='ocrx_word' id='word_1_87' title='bbox 678 1766 765 1851; x_wconf 90' lang='lat' dir='ltr'>quod</span> <span class='ocrx_word' id='word_1_88' title='bbox 796 1768 988 1843; x_wconf 84' lang='lat' dir='ltr'>immutem3</span> <span class='ocrx_word' id='word_1_89' title='bbox 1013 1788 1095 1852; x_wconf 90' lang='lat' dir='ltr'>quae</span> <span class='ocrx_word' id='word_1_90' title='bbox 1120 1788 1174 1833; x_wconf 92' lang='lat' dir='ltr'>res</span> <span class='ocrx_word' id='word_1_91' title='bbox 1198 1768 1284 1853; x_wconf 93' lang='lat' dir='ltr'>apud</span> <span class='ocrx_word' id='word_1_92' title='bbox 1312 1767 1413 1832; x_wconf 94' lang='lat' dir='ltr'>alium</span> <span class='ocrx_word' id='word_1_93' title='bbox 1436 1766 1462 1832; x_wconf 92' lang='lat' dir='ltr'>si</span> <span class='ocrx_word' id='word_1_94' title='bbox 1527 1751 1530 1756; x_wconf 43' lang='lat'>¹</span> <span class='ocrx_word' id='word_1_95' title='bbox 1561 1839 1565 1850; x_wconf 35' lang='grc' dir='ltr'>Ι</span> 
     </span>
     <span class='ocr_line' id='line_1_11' title="bbox 179 1867 1566 1960; baseline -0.002 -19"><span class='ocrx_word' id='word_1_96' title='bbox 179 1876 224 1941; x_wconf 91' lang='grc'>10</span> <span class='ocrx_word' id='word_1_97' title='bbox 270 1874 398 1960; x_wconf 83' lang='lat' dir='ltr'>agenda</span> <span class='ocrx_word' id='word_1_98' title='bbox 421 1874 471 1951; x_wconf 91' lang='lat' dir='ltr'>sit,</span> <span class='ocrx_word' id='word_1_99' title='bbox 498 1874 674 1959; x_wconf 93' lang='lat' dir='ltr'>plurimum</span> <span class='ocrx_word' id='word_1_100' title='bbox 697 1873 784 1939; x_wconf 92' lang='lat' dir='ltr'>haud</span> <span class='ocrx_word' id='word_1_101' title='bbox 809 1873 906 1939; x_wconf 92' lang='lat' dir='ltr'>dubie</span> <span class='ocrx_word' id='word_1_102' title='bbox 931 1874 1110 1940; x_wconf 83' lang='lat' dir='ltr'>verborum</span> <span class='ocrx_word' id='word_1_103' title='bbox 1141 1881 1259 1959; x_wconf 84' lang='lat' dir='ltr'>egeat;</span> <span class='ocrx_word' id='word_1_104' title='bbox 1285 1874 1357 1955; x_wconf 85' lang='lat' dir='ltr'>tibi,</span> <span class='ocrx_word' id='word_1_105' title='bbox 1381 1873 1462 1939; x_wconf 90' lang='lat' dir='ltr'>meis</span> <span class='ocrx_word' id='word_1_106' title='bbox 1556 1867 1566 1902; x_wconf 78' lang='lat'><em>³</em></span> 
     </span>
     <span class='ocr_line' id='line_1_12' title="bbox 270 1981 1563 2062; baseline 0.002 -17"><span class='ocrx_word' id='word_1_107' title='bbox 270 1981 304 2045; x_wconf 92' lang='lat' dir='ltr'>in</span> <span class='ocrx_word' id='word_1_108' title='bbox 339 1981 449 2061; x_wconf 77' lang='lat' dir='ltr'>rebuS,</span> <span class='ocrx_word' id='word_1_109' title='bbox 484 2000 551 2044; x_wconf 90' lang='lat' dir='ltr'>nou</span> <span class='ocrx_word' id='word_1_110' title='bbox 584 1986 711 2046; x_wconf 85' lang='lat' dir='ltr'>tautum</span> <span class='ocrx_word' id='word_1_111' title='bbox 747 2000 858 2046; x_wconf 92' lang='lat' dir='ltr'>sermo</span> <span class='ocrx_word' id='word_1_112' title='bbox 892 1981 1015 2062; x_wconf 87' lang='lat' dir='ltr'>brevis,</span> <span class='ocrx_word' id='word_1_113' title='bbox 1051 1981 1108 2046; x_wconf 91' lang='lat' dir='ltr'>sed</span> <span class='ocrx_word' id='word_1_114' title='bbox 1132 1981 1299 2046; x_wconf 92' lang='lat' dir='ltr'>silentium</span> <span class='ocrx_word' id='word_1_115' title='bbox 1322 1988 1373 2047; x_wconf 87' lang='lat' dir='ltr'>sat</span> <span class='ocrx_word' id='word_1_116' title='bbox 1396 1986 1456 2047; x_wconf 91' lang='lat' dir='ltr'>est.</span> <span class='ocrx_word' id='word_1_117' title='bbox 1560 2049 1563 2054; x_wconf 79' lang='grc'><strong>,</strong></span> 
     </span>
    </p>
   </div>
   <div class='ocr_carea' id='block_1_6' title="bbox 270 2086 1462 2173">
    <p class='ocr_par' dir='ltr' id='par_1_6' title="bbox 270 2086 1462 2173">
     <span class='ocr_line' id='line_1_13' title="bbox 270 2086 1462 2173; baseline -0.001 -21"><span class='ocrx_word' id='word_1_118' title='bbox 270 2089 393 2153; x_wconf 82' lang='lat' dir='ltr'>Tecum</span> <span class='ocrx_word' id='word_1_119' title='bbox 416 2086 514 2164; x_wconf 90' lang='lat' dir='ltr'>enim,</span> <span class='ocrx_word' id='word_1_120' title='bbox 541 2106 614 2152; x_wconf 87' lang='lat' dir='ltr'>meo</span> <span class='ocrx_word' id='word_1_121' title='bbox 638 2087 722 2167; x_wconf 91' lang='lat' dir='ltr'>iure,</span> <span class='ocrx_word' id='word_1_122' title='bbox 747 2086 932 2152; x_wconf 89' lang='lat' dir='ltr'>davidicum</span> <span class='ocrx_word' id='word_1_123' title='bbox 949 2087 1028 2152; x_wconf 91' lang='lat' dir='ltr'>mihi</span> <span class='ocrx_word' id='word_1_124' title='bbox 1051 2087 1131 2152; x_wconf 94' lang='lat' dir='ltr'>illud</span> <span class='ocrx_word' id='word_1_125' title='bbox 1147 2108 1285 2173; x_wconf 91' lang='lat' dir='ltr'>usurpo:</span> <span class='ocrx_word' id='word_1_126' title='bbox 1315 2087 1462 2165; x_wconf 88' lang='lat' dir='ltr'>Domine,</span> 
     </span>
    </p>
   </div>
   <div class='ocr_carea' id='block_1_7' title="bbox 273 2190 1566 2280">
    <p class='ocr_par' dir='ltr' id='par_1_7' title="bbox 273 2190 1566 2280">
     <span class='ocr_line' id='line_1_14' title="bbox 273 2190 1566 2280; baseline -0.001 -22"><span class='ocrx_word' id='word_1_127' title='bbox 273 2200 348 2258; x_wconf 86' lang='lat' dir='ltr'>aute</span> <span class='ocrx_word' id='word_1_128' title='bbox 372 2201 405 2258; x_wconf 88' lang='lat' dir='ltr'>te</span> <span class='ocrx_word' id='word_1_129' title='bbox 429 2212 525 2257; x_wconf 91' lang='lat' dir='ltr'>omne</span> <span class='ocrx_word' id='word_1_130' title='bbox 549 2190 745 2257; x_wconf 89' lang='lat' dir='ltr'>desiderium</span> <span class='ocrx_word' id='word_1_131' title='bbox 769 2212 890 2274; x_wconf 86' lang='lat' dir='ltr'>meum,</span> <span class='ocrx_word' id='word_1_132' title='bbox 915 2200 948 2258; x_wconf 89' lang='lat' dir='ltr'>et</span> <span class='ocrx_word' id='word_1_133' title='bbox 982 2213 1049 2258; x_wconf 86' lang='lat' dir='ltr'>non</span> <span class='ocrx_word' id='word_1_134' title='bbox 1076 2192 1207 2278; x_wconf 89' lang='lat' dir='ltr'>quidem</span> <span class='ocrx_word' id='word_1_135' title='bbox 1231 2193 1382 2279; x_wconf 86' lang='lat' dir='ltr'>gemitus,</span> <span class='ocrx_word' id='word_1_136' title='bbox 1407 2192 1463 2278; x_wconf 91' lang='lat' dir='ltr'>qui</span> <span class='ocrx_word' id='word_1_137' title='bbox 1545 2219 1566 2280; x_wconf 83' lang='lat'>&#39;.</span> 
     </span>
    </p>
   </div>
   <div class='ocr_carea' id='block_1_8' title="bbox 185 2297 1462 2598">
    <p class='ocr_par' dir='ltr' id='par_1_8' title="bbox 185 2297 1462 2598">
     <span class='ocr_line' id='line_1_15' title="bbox 272 2297 1462 2385; baseline -0.001 -21"><span class='ocrx_word' id='word_1_138' title='bbox 272 2299 351 2364; x_wconf 91' lang='lat' dir='ltr'>mihi</span> <span class='ocrx_word' id='word_1_139' title='bbox 375 2298 538 2364; x_wconf 91' lang='lat' dir='ltr'>derebus</span> <span class='ocrx_word' id='word_1_140' title='bbox 570 2298 635 2363; x_wconf 91' lang='lat' dir='ltr'>iam</span> <span class='ocrx_word' id='word_1_141' title='bbox 665 2297 848 2363; x_wconf 90' lang='lat' dir='ltr'>labentibus</span> <span class='ocrx_word' id='word_1_142' title='bbox 874 2299 981 2364; x_wconf 92' lang='lat' dir='ltr'>nullus</span> <span class='ocrx_word' id='word_1_143' title='bbox 1005 2305 1064 2376; x_wconf 92' lang='lat' dir='ltr'>est,</span> <span class='ocrx_word' id='word_1_144' title='bbox 1090 2299 1146 2365; x_wconf 91' lang='lat' dir='ltr'>sed</span> <span class='ocrx_word' id='word_1_145' title='bbox 1171 2306 1261 2365; x_wconf 90' lang='lat' dir='ltr'>certe</span> <span class='ocrx_word' id='word_1_146' title='bbox 1284 2299 1462 2385; x_wconf 91' lang='lat' dir='ltr'>suspirium</span> 
     </span>
     <span class='ocr_line' id='line_1_16' title="bbox 185 2405 1460 2491; baseline -0.002 -20"><span class='ocrx_word' id='word_1_147' title='bbox 185 2406 229 2472; x_wconf 88' lang='lat'>15</span> <span class='ocrx_word' id='word_1_148' title='bbox 274 2426 386 2470; x_wconf 91' lang='lat' dir='ltr'>meum</span> <span class='ocrx_word' id='word_1_149' title='bbox 409 2426 427 2469; x_wconf 91' lang='lat' dir='ltr'>a</span> <span class='ocrx_word' id='word_1_150' title='bbox 452 2411 485 2470; x_wconf 88' lang='lat' dir='ltr'>te</span> <span class='ocrx_word' id='word_1_151' title='bbox 508 2424 574 2470; x_wconf 88' lang='lat' dir='ltr'>nou</span> <span class='ocrx_word' id='word_1_152' title='bbox 598 2413 648 2471; x_wconf 90' lang='lat' dir='ltr'>est</span> <span class='ocrx_word' id='word_1_153' title='bbox 670 2405 905 2471; x_wconf 86' lang='lat' dir='ltr'>absconditum.</span> <span class='ocrx_word' id='word_1_154' title='bbox 924 2406 1009 2482; x_wconf 88' lang='lat' dir='ltr'>Quid</span> <span class='ocrx_word' id='word_1_155' title='bbox 1024 2405 1134 2487; x_wconf 85' lang='lat' dir='ltr'>velim,</span> <span class='ocrx_word' id='word_1_156' title='bbox 1152 2406 1228 2491; x_wconf 88' lang='lat' dir='ltr'>quid</span> <span class='ocrx_word' id='word_1_157' title='bbox 1250 2413 1368 2491; x_wconf 91' lang='lat' dir='ltr'>optem,</span> <span class='ocrx_word' id='word_1_158' title='bbox 1386 2406 1460 2491; x_wconf 89' lang='lat' dir='ltr'>quid</span> 
     </span>
     <span class='ocr_line' id='line_1_17' title="bbox 273 2512 1462 2598; baseline -0.001 -20"><span class='ocrx_word' id='word_1_159' title='bbox 273 2512 448 2598; x_wconf 87' lang='lat' dir='ltr'>ambigam,</span> <span class='ocrx_word' id='word_1_160' title='bbox 473 2532 538 2597; x_wconf 91' lang='lat' dir='ltr'>quo</span> <span class='ocrx_word' id='word_1_161' title='bbox 561 2513 733 2597; x_wconf 89' lang='lat' dir='ltr'>suspirem,</span> <span class='ocrx_word' id='word_1_162' title='bbox 758 2532 824 2578; x_wconf 90' lang='lat' dir='ltr'>non</span> <span class='ocrx_word' id='word_1_163' title='bbox 852 2513 931 2596; x_wconf 90' lang='lat' dir='ltr'>mihi</span> <span class='ocrx_word' id='word_1_164' title='bbox 955 2512 1063 2578; x_wconf 91' lang='lat' dir='ltr'>notius</span> <span class='ocrx_word' id='word_1_165' title='bbox 1086 2534 1185 2598; x_wconf 91' lang='lat' dir='ltr'>quam</span> <span class='ocrx_word' id='word_1_166' title='bbox 1208 2513 1265 2578; x_wconf 88' lang='lat' dir='ltr'>tibi</span> <span class='ocrx_word' id='word_1_167' title='bbox 1293 2520 1351 2578; x_wconf 90' lang='lat' dir='ltr'>est.</span> <span class='ocrx_word' id='word_1_168' title='bbox 1377 2512 1462 2589; x_wconf 88' lang='lat' dir='ltr'>Quid</span> 
     </span>
    </p>
   </div>
   <div class='ocr_carea' id='block_1_9' title="bbox 273 2619 1566 2812">
    <p class='ocr_par' dir='ltr' id='par_1_9' title="bbox 273 2619 1566 2812">
     <span class='ocr_line' id='line_1_18' title="bbox 273 2619 1560 2703; baseline 0 -19"><span class='ocrx_word' id='word_1_169' title='bbox 273 2619 374 2703; x_wconf 87' lang='lat' dir='ltr'>igitur</span> <span class='ocrx_word' id='word_1_170' title='bbox 397 2619 508 2686; x_wconf 91' lang='lat' dir='ltr'>multis</span> <span class='ocrx_word' id='word_1_171' title='bbox 531 2619 655 2703; x_wconf 67' lang='lat' dir='ltr'>agam?</span> <span class='ocrx_word' id='word_1_172' title='bbox 672 2619 780 2685; x_wconf 88' lang='lat' dir='ltr'>Video</span> <span class='ocrx_word' id='word_1_173' title='bbox 804 2641 856 2684; x_wconf 90' lang='lat' dir='ltr'>me</span> <span class='ocrx_word' id='word_1_174' title='bbox 881 2619 996 2686; x_wconf 87' lang='lat' dir='ltr'>vocari</span> <span class='ocrx_word' id='word_1_175' title='bbox 1014 2619 1208 2699; x_wconf 75' lang='lat' dir='ltr'>admotam,</span> <span class='ocrx_word' id='word_1_176' title='bbox 1225 2619 1264 2685; x_wconf 95' lang='lat' dir='ltr'>ad</span> <span class='ocrx_word' id='word_1_177' title='bbox 1288 2621 1460 2698; x_wconf 87' lang='lat' dir='ltr'>honorem,</span> <span class='ocrx_word' id='word_1_178' title='bbox 1557 2663 1560 2670; x_wconf 91' lang='lat'>-</span> 
     </span>
     <span class='ocr_line' id='line_1_19' title="bbox 273 2725 1566 2812; baseline 0.001 -22"><span class='ocrx_word' id='word_1_179' title='bbox 273 2725 314 2791; x_wconf 90' lang='lat' dir='ltr'>ad</span> <span class='ocrx_word' id='word_1_180' title='bbox 336 2726 495 2802; x_wconf 90' lang='lat' dir='ltr'>laborem,</span> <span class='ocrx_word' id='word_1_181' title='bbox 520 2727 593 2791; x_wconf 89' lang='lat' dir='ltr'>fere</span> <span class='ocrx_word' id='word_1_182' title='bbox 616 2726 742 2792; x_wconf 88' lang='lat' dir='ltr'>cunctis</span> <span class='ocrx_word' id='word_1_183' title='bbox 766 2734 876 2812; x_wconf 90' lang='lat' dir='ltr'>optata</span> <span class='ocrx_word' id='word_1_184' title='bbox 901 2727 1104 2804; x_wconf 90' lang='lat' dir='ltr'>mortalibus,</span> <span class='ocrx_word' id='word_1_185' title='bbox 1122 2726 1201 2791; x_wconf 88' lang='lat' dir='ltr'>mihi</span> <span class='ocrx_word' id='word_1_186' title='bbox 1226 2746 1317 2804; x_wconf 92' lang='lat' dir='ltr'>vero,</span> <span class='ocrx_word' id='word_1_187' title='bbox 1335 2727 1463 2792; x_wconf 92' lang='lat' dir='ltr'>cumin</span> <span class='ocrx_word' id='word_1_188' title='bbox 1545 2733 1566 2743; x_wconf 48' lang='lat'><em>⁸</em></span> 
     </span>
    </p>
   </div>
   <div class='ocr_carea' id='block_1_10' title="bbox 270 2832 1566 2919">
    <p class='ocr_par' dir='ltr' id='par_1_10' title="bbox 270 2832 1566 2919">
     <span class='ocr_line' id='line_1_20' title="bbox 270 2832 1566 2919; baseline 0 -20"><span class='ocrx_word' id='word_1_189' title='bbox 270 2832 390 2911; x_wconf 86' lang='lat' dir='ltr'>multis,</span> <span class='ocrx_word' id='word_1_190' title='bbox 416 2833 496 2898; x_wconf 92' lang='lat' dir='ltr'>nihil</span> <span class='ocrx_word' id='word_1_191' title='bbox 520 2833 684 2914; x_wconf 88' lang='lat' dir='ltr'>convenit,</span> <span class='ocrx_word' id='word_1_192' title='bbox 717 2833 853 2919; x_wconf 83' lang='lat' dir='ltr'>proinde</span> <span class='ocrx_word' id='word_1_193' title='bbox 892 2855 952 2901; x_wconf 88' lang='lat' dir='ltr'>nec</span> <span class='ocrx_word' id='word_1_194' title='bbox 975 2834 1110 2901; x_wconf 85' lang='lat' dir='ltr'>fortuna</span> <span class='ocrx_word' id='word_1_195' title='bbox 1138 2854 1221 2916; x_wconf 92' lang='lat' dir='ltr'>mea,</span> <span class='ocrx_word' id='word_1_196' title='bbox 1247 2854 1309 2900; x_wconf 89' lang='lat' dir='ltr'>nec</span> <span class='ocrx_word' id='word_1_197' title='bbox 1332 2834 1461 2900; x_wconf 92' lang='lat' dir='ltr'>animus</span> <span class='ocrx_word' id='word_1_198' title='bbox 1564 2839 1566 2844; x_wconf 86' lang='lat'>&#39;</span> 
     </span>
    </p>
   </div>
   <div class='ocr_carea' id='block_1_11' title="bbox 179 2941 1566 3133">
    <p class='ocr_par' dir='ltr' id='par_1_11' title="bbox 179 2941 1566 3133">
     <span class='ocr_line' id='line_1_21' title="bbox 179 2941 1566 3027; baseline -0.001 -20"><span class='ocrx_word' id='word_1_199' title='bbox 179 2941 224 3007; x_wconf 80' lang='lat'>20</span> <span class='ocrx_word' id='word_1_200' title='bbox 271 2941 354 3007; x_wconf 90' lang='lat' dir='ltr'>lucri</span> <span class='ocrx_word' id='word_1_201' title='bbox 389 2961 506 3026; x_wconf 87' lang='lat' dir='ltr'>egens,</span> <span class='ocrx_word' id='word_1_202' title='bbox 543 2961 605 3006; x_wconf 89' lang='lat' dir='ltr'>nec</span> <span class='ocrx_word' id='word_1_203' title='bbox 629 2941 788 3025; x_wconf 84' lang='lat' dir='ltr'>professio</span> <span class='ocrx_word' id='word_1_204' title='bbox 823 2941 910 3007; x_wconf 88' lang='lat' dir='ltr'>vitae</span> <span class='ocrx_word' id='word_1_205' title='bbox 946 2962 1117 3027; x_wconf 84' lang='lat' dir='ltr'>genusque</span> <span class='ocrx_word' id='word_1_206' title='bbox 1141 2942 1307 3007; x_wconf 91' lang='lat' dir='ltr'>honorum</span> <span class='ocrx_word' id='word_1_207' title='bbox 1330 2941 1462 3024; x_wconf 89' lang='lat' dir='ltr'>talium,</span> <span class='ocrx_word' id='word_1_208' title='bbox 1565 3014 1566 3019; x_wconf 8' lang='grc' dir='ltr'>ἵ</span> 
     </span>
     <span class='ocr_line' id='line_1_22' title="bbox 269 3046 1565 3133; baseline 0.001 -21"><span class='ocrx_word' id='word_1_209' title='bbox 269 3067 377 3133; x_wconf 90' lang='lat' dir='ltr'>neque</span> <span class='ocrx_word' id='word_1_210' title='bbox 412 3046 581 3132; x_wconf 90' lang='lat' dir='ltr'>occupatio</span> <span class='ocrx_word' id='word_1_211' title='bbox 616 3054 773 3131; x_wconf 89' lang='lat' dir='ltr'>aetasque</span> <span class='ocrx_word' id='word_1_212' title='bbox 809 3046 969 3113; x_wconf 82' lang='lat' dir='ltr'>devexior</span> <span class='ocrx_word' id='word_1_213' title='bbox 1004 3048 1165 3113; x_wconf 90' lang='lat' dir='ltr'>laborum.</span> <span class='ocrx_word' id='word_1_214' title='bbox 1198 3048 1379 3113; x_wconf 81' lang='lat' dir='ltr'>Excusabis</span> <span class='ocrx_word' id='word_1_215' title='bbox 1408 3049 1462 3114; x_wconf 89' lang='lat' dir='ltr'>me</span> <span class='ocrx_word' id='word_1_216' title='bbox 1562 3096 1565 3101; x_wconf 85' lang='lat'><em>-</em></span> 
     </span>
    </p>
   </div>
   <div class='ocr_carea' id='block_1_12' title="bbox 271 3153 1462 3239">
    <p class='ocr_par' dir='ltr' id='par_1_12' title="bbox 271 3153 1462 3239">
     <span class='ocr_line' id='line_1_23' title="bbox 271 3153 1462 3239; baseline 0.002 -21"><span class='ocrx_word' id='word_1_217' title='bbox 271 3155 393 3221; x_wconf 89' lang='lat' dir='ltr'>iterum</span> <span class='ocrx_word' id='word_1_218' title='bbox 417 3153 570 3239; x_wconf 87' lang='lat' dir='ltr'>pontifici,</span> <span class='ocrx_word' id='word_1_219' title='bbox 597 3174 638 3219; x_wconf 91' lang='lat' dir='ltr'>ne</span> <span class='ocrx_word' id='word_1_220' title='bbox 671 3153 755 3239; x_wconf 89' lang='lat' dir='ltr'>quod</span> <span class='ocrx_word' id='word_1_221' title='bbox 778 3154 957 3220; x_wconf 88' lang='lat' dir='ltr'>modestiae</span> <span class='ocrx_word' id='word_1_222' title='bbox 982 3161 1041 3236; x_wconf 89' lang='lat' dir='ltr'>est,</span> <span class='ocrx_word' id='word_1_223' title='bbox 1065 3154 1259 3220; x_wconf 89' lang='lat' dir='ltr'>insolentiae</span> <span class='ocrx_word' id='word_1_224' title='bbox 1286 3155 1462 3221; x_wconf 85' lang='lat' dir='ltr'>tribuatur.</span> 
     </span>
    </p>
   </div>
   <div class='ocr_carea' id='block_1_13' title="bbox 255 3261 1566 3347">
    <p class='ocr_par' dir='ltr' id='par_1_13' title="bbox 255 3261 1566 3347">
     <span class='ocr_line' id='line_1_24' title="bbox 255 3261 1566 3347; baseline 0 -21"><span class='ocrx_word' id='word_1_225' title='bbox 255 3261 362 3338; x_wconf 80' lang='lat' dir='ltr'>Quod</span> <span class='ocrx_word' id='word_1_226' title='bbox 386 3282 484 3347; x_wconf 87' lang='lat' dir='ltr'>saepe</span> <span class='ocrx_word' id='word_1_227' title='bbox 508 3281 560 3326; x_wconf 90' lang='lat' dir='ltr'>me</span> <span class='ocrx_word' id='word_1_228' title='bbox 584 3262 780 3343; x_wconf 89' lang='lat' dir='ltr'>honestavit,</span> <span class='ocrx_word' id='word_1_229' title='bbox 798 3266 893 3327; x_wconf 90' lang='lat' dir='ltr'>tuum</span> <span class='ocrx_word' id='word_1_230' title='bbox 917 3261 1011 3326; x_wconf 92' lang='lat' dir='ltr'>modo</span> <span class='ocrx_word' id='word_1_231' title='bbox 1027 3282 1080 3327; x_wconf 91' lang='lat' dir='ltr'>me</span> <span class='ocrx_word' id='word_1_232' title='bbox 1105 3261 1258 3327; x_wconf 86' lang='lat' dir='ltr'>defendat</span> <span class='ocrx_word' id='word_1_233' title='bbox 1288 3262 1462 3347; x_wconf 88' lang='lat' dir='ltr'>eloquium.</span> <span class='ocrx_word' id='word_1_234' title='bbox 1565 3271 1566 3276; x_wconf 77' lang='grc'>’</span> 
     </span>
    </p>
   </div>
   <div class='ocr_carea' id='block_1_14' title="bbox 270 3363 1464 3455">
    <p class='ocr_par' dir='ltr' id='par_1_14' title="bbox 270 3363 1464 3455">
     <span class='ocr_line' id='line_1_25' title="bbox 270 3363 1464 3455; baseline 0.001 -23"><span class='ocrx_word' id='word_1_235' title='bbox 270 3367 444 3433; x_wconf 88' lang='lat' dir='ltr'>Nominavi</span> <span class='ocrx_word' id='word_1_236' title='bbox 479 3367 558 3433; x_wconf 90' lang='lat' dir='ltr'>duos</span> <span class='ocrx_word' id='word_1_237' title='bbox 593 3367 851 3452; x_wconf 80' lang='lat' dir='ltr'>compatriotasss</span> <span class='ocrx_word' id='word_1_238' title='bbox 876 3388 974 3449; x_wconf 91' lang='lat' dir='ltr'>meos,</span> <span class='ocrx_word' id='word_1_239' title='bbox 1010 3376 1044 3434; x_wconf 92' lang='lat' dir='ltr'>et</span> <span class='ocrx_word' id='word_1_240' title='bbox 1078 3369 1104 3432; x_wconf 94' lang='lat' dir='ltr'>si</span> <span class='ocrx_word' id='word_1_241' title='bbox 1138 3363 1230 3435; x_wconf 87' lang='lat' dir='ltr'>tanto</span> <span class='ocrx_word' id='word_1_242' title='bbox 1268 3368 1374 3435; x_wconf 90' lang='lat' dir='ltr'>officio</span> <span class='ocrx_word' id='word_1_243' title='bbox 1403 3390 1464 3455; x_wconf 88' lang='lat' dir='ltr'>par</span> 
     </span>
    </p>
   </div>
   <div class='ocr_carea' id='block_1_15' title="bbox 180 3474 1566 3562">
    <p class='ocr_par' dir='ltr' id='par_1_15' title="bbox 180 3474 1566 3562">
     <span class='ocr_line' id='line_1_26' title="bbox 180 3474 1566 3562; baseline 0.002 -22"><span class='ocrx_word' id='word_1_244' title='bbox 180 3475 224 3540; x_wconf 75' lang='lat'>525</span> <span class='ocrx_word' id='word_1_245' title='bbox 270 3474 424 3551; x_wconf 75' lang='lat' dir='ltr'>creditus</span> <span class='ocrx_word' id='word_1_246' title='bbox 448 3476 624 3540; x_wconf 70' lang='lat' dir='ltr'>estimatur</span> <span class='ocrx_word' id='word_1_247' title='bbox 644 3475 784 3540; x_wconf 92' lang='lat' dir='ltr'>aliorum</span> <span class='ocrx_word' id='word_1_248' title='bbox 808 3474 926 3560; x_wconf 86' lang='lat' dir='ltr'>dignus</span> <span class='ocrx_word' id='word_1_249' title='bbox 950 3495 1078 3542; x_wconf 90' lang='lat' dir='ltr'>censor.</span> <span class='ocrx_word' id='word_1_250' title='bbox 1099 3477 1158 3541; x_wconf 85' lang='lat' dir='ltr'>Est</span> <span class='ocrx_word' id='word_1_251' title='bbox 1179 3482 1318 3560; x_wconf 89' lang='lat' dir='ltr'>uterque</span> <span class='ocrx_word' id='word_1_252' title='bbox 1343 3476 1464 3562; x_wconf 87' lang='lat' dir='ltr'>dignis·</span> <span class='ocrx_word' id='word_1_253' title='bbox 1560 3518 1566 3525; x_wconf 91' lang='lat'>-</span> 
     </span>
    </p>
   </div>
   <div class='ocr_carea' id='block_1_16' title="bbox 183 3579 1545 4521">
    <p class='ocr_par' dir='ltr' id='par_1_16' title="bbox 270 3579 1545 3987">
     <span class='ocr_line' id='line_1_27' title="bbox 270 3579 1463 3669; baseline 0.003 -23"><span class='ocrx_word' id='word_1_254' title='bbox 270 3581 383 3647; x_wconf 90' lang='lat' dir='ltr'>simus.</span> <span class='ocrx_word' id='word_1_255' title='bbox 407 3582 478 3666; x_wconf 84' lang='lat' dir='ltr'>Ego</span> <span class='ocrx_word' id='word_1_256' title='bbox 502 3587 623 3662; x_wconf 90' lang='lat' dir='ltr'>tamen,</span> <span class='ocrx_word' id='word_1_257' title='bbox 648 3581 702 3666; x_wconf 87' lang='lat' dir='ltr'>qui</span> <span class='ocrx_word' id='word_1_258' title='bbox 727 3579 882 3647; x_wconf 86' lang='lat' dir='ltr'>effectum</span> <span class='ocrx_word' id='word_1_259' title='bbox 906 3582 956 3648; x_wconf 91' lang='lat' dir='ltr'>rei</span> <span class='ocrx_word' id='word_1_260' title='bbox 979 3583 1126 3648; x_wconf 90' lang='lat' dir='ltr'>celerem</span> <span class='ocrx_word' id='word_1_261' title='bbox 1149 3590 1182 3648; x_wconf 93' lang='lat' dir='ltr'>et</span> <span class='ocrx_word' id='word_1_262' title='bbox 1205 3583 1336 3649; x_wconf 86' lang='lat' dir='ltr'>felicem</span> <span class='ocrx_word' id='word_1_263' title='bbox 1356 3584 1463 3669; x_wconf 89' lang='lat' dir='ltr'>cupio,</span> 
     </span>
     <span class='ocr_line' id='line_1_28' title="bbox 271 3688 1545 3775; baseline 0.001 -22"><span class='ocrx_word' id='word_1_264' title='bbox 271 3695 448 3773; x_wconf 91' lang='lat' dir='ltr'>utrumque</span> <span class='ocrx_word' id='word_1_265' title='bbox 483 3688 601 3753; x_wconf 91' lang='lat' dir='ltr'>litteris</span> <span class='ocrx_word' id='word_1_266' title='bbox 636 3688 718 3753; x_wconf 92' lang='lat' dir='ltr'>meis</span> <span class='ocrx_word' id='word_1_267' title='bbox 753 3689 900 3773; x_wconf 79' lang='lat' dir='ltr'>experiri</span> <span class='ocrx_word' id='word_1_268' title='bbox 938 3689 1037 3771; x_wconf 90' lang='lat' dir='ltr'>volui,</span> <span class='ocrx_word' id='word_1_269' title='bbox 1069 3696 1102 3754; x_wconf 92' lang='lat' dir='ltr'>et</span> <span class='ocrx_word' id='word_1_270' title='bbox 1136 3689 1221 3775; x_wconf 90' lang='lat' dir='ltr'>quod</span> <span class='ocrx_word' id='word_1_271' title='bbox 1257 3690 1463 3755; x_wconf 78' lang='lat' dir='ltr'>vaticinabor</span> <span class='ocrx_word' id='word_1_272' title='bbox 1537 3718 1545 3740; x_wconf 68' lang='lat'>=-</span> 
     </span>
     <span class='ocr_line' id='line_1_29' title="bbox 274 3783 1462 3881; baseline 0.002 -22"><span class='ocrx_word' id='word_1_273' title='bbox 274 3783 416 3881; x_wconf 83' lang='lat' dir='ltr'>repperi.</span> <span class='ocrx_word' id='word_1_274' title='bbox 439 3795 536 3861; x_wconf 91' lang='lat' dir='ltr'>Alter</span> <span class='ocrx_word' id='word_1_275' title='bbox 560 3814 733 3860; x_wconf 90' lang='lat' dir='ltr'>onerosum</span> <span class='ocrx_word' id='word_1_276' title='bbox 758 3795 885 3880; x_wconf 89' lang='lat' dir='ltr'>respuit</span> <span class='ocrx_word' id='word_1_277' title='bbox 909 3795 1078 3876; x_wconf 91' lang='lat' dir='ltr'>honorem,</span> <span class='ocrx_word' id='word_1_278' title='bbox 1103 3797 1199 3877; x_wconf 89' lang='lat' dir='ltr'>alter,</span> <span class='ocrx_word' id='word_1_279' title='bbox 1217 3796 1242 3860; x_wconf 90' lang='lat' dir='ltr'>si</span> <span class='ocrx_word' id='word_1_280' title='bbox 1267 3797 1462 3881; x_wconf 86' lang='lat' dir='ltr'>requiritur,</span> 
     </span>
     <span class='ocr_line' id='line_1_30' title="bbox 271 3901 1465 3987; baseline 0.001 -21"><span class='ocrx_word' id='word_1_281' title='bbox 271 3909 402 3987; x_wconf 88' lang='lat' dir='ltr'>praesto</span> <span class='ocrx_word' id='word_1_282' title='bbox 426 3906 484 3967; x_wconf 88' lang='lat' dir='ltr'>est.</span> <span class='ocrx_word' id='word_1_283' title='bbox 510 3901 651 3967; x_wconf 89' lang='lat' dir='ltr'>Ubinam</span> <span class='ocrx_word' id='word_1_284' title='bbox 676 3922 757 3967; x_wconf 90' lang='lat' dir='ltr'>vero</span> <span class='ocrx_word' id='word_1_285' title='bbox 791 3902 833 3967; x_wconf 92' lang='lat' dir='ltr'>sit</span> <span class='ocrx_word' id='word_1_286' title='bbox 856 3903 1073 3987; x_wconf 68' lang='lat' dir='ltr'>quaerendus</span> <span class='ocrx_word' id='word_1_287' title='bbox 1099 3909 1131 3968; x_wconf 88' lang='lat' dir='ltr'>et</span> <span class='ocrx_word' id='word_1_288' title='bbox 1154 3903 1308 3987; x_wconf 89' lang='lat' dir='ltr'>quicquid</span> <span class='ocrx_word' id='word_1_289' title='bbox 1331 3902 1365 3967; x_wconf 93' lang='lat' dir='ltr'>in</span> <span class='ocrx_word' id='word_1_290' title='bbox 1390 3922 1465 3968; x_wconf 91' lang='lat' dir='ltr'>rem</span> 
     </span>
    </p>

    <p class='ocr_par' dir='ltr' id='par_1_17' title="bbox 183 4008 1479 4521">
     <span class='ocr_line' id='line_1_31' title="bbox 183 4008 1479 4097; baseline 0.001 -23"><span class='ocrx_word' id='word_1_291' title='bbox 183 4009 227 4075; x_wconf 87' lang='lat'>30</span> <span class='ocrx_word' id='word_1_292' title='bbox 273 4015 332 4090; x_wconf 90' lang='lat' dir='ltr'>est,</span> <span class='ocrx_word' id='word_1_293' title='bbox 357 4014 433 4075; x_wconf 90' lang='lat' dir='ltr'>tuus</span> <span class='ocrx_word' id='word_1_294' title='bbox 467 4008 521 4073; x_wconf 91' lang='lat' dir='ltr'>hic</span> <span class='ocrx_word' id='word_1_295' title='bbox 556 4009 687 4074; x_wconf 90' lang='lat' dir='ltr'>nuntius</span> <span class='ocrx_word' id='word_1_296' title='bbox 722 4009 824 4074; x_wconf 89' lang='lat' dir='ltr'>novit.</span> <span class='ocrx_word' id='word_1_297' title='bbox 849 4010 918 4075; x_wconf 92' lang='lat' dir='ltr'>Hoc</span> <span class='ocrx_word' id='word_1_298' title='bbox 953 4016 1141 4076; x_wconf 81' lang='lat' dir='ltr'>extremum</span> <span class='ocrx_word' id='word_1_299' title='bbox 1169 4011 1279 4095; x_wconf 89' lang='lat' dir='ltr'>Papae</span> <span class='ocrx_word' id='word_1_300' title='bbox 1303 4009 1411 4088; x_wconf 88' lang='lat' dir='ltr'>dicito,</span> <span class='ocrx_word' id='word_1_301' title='bbox 1437 4011 1479 4097; x_wconf 60' lang='lat' dir='ltr'>si⁸</span> 
     </span>
     <span class='ocr_line' id='line_1_32' title="bbox 270 4115 1463 4202; baseline 0.003 -22"><span class='ocrx_word' id='word_1_302' title='bbox 270 4115 358 4180; x_wconf 91' lang='lat' dir='ltr'>hunc</span> <span class='ocrx_word' id='word_1_303' title='bbox 380 4115 487 4196; x_wconf 90' lang='lat' dir='ltr'>habet,</span> <span class='ocrx_word' id='word_1_304' title='bbox 513 4135 565 4180; x_wconf 91' lang='lat' dir='ltr'>me</span> <span class='ocrx_word' id='word_1_305' title='bbox 588 4115 730 4200; x_wconf 88' lang='lat' dir='ltr'>quidem,</span> <span class='ocrx_word' id='word_1_306' title='bbox 748 4123 779 4181; x_wconf 90' lang='lat' dir='ltr'>et</span> <span class='ocrx_word' id='word_1_307' title='bbox 794 4116 947 4201; x_wconf 89' lang='lat' dir='ltr'>quicquid</span> <span class='ocrx_word' id='word_1_308' title='bbox 969 4137 1011 4182; x_wconf 86' lang='lat' dir='ltr'>ex</span> <span class='ocrx_word' id='word_1_309' title='bbox 1037 4136 1089 4181; x_wconf 91' lang='lat' dir='ltr'>me</span> <span class='ocrx_word' id='word_1_310' title='bbox 1112 4117 1306 4201; x_wconf 88' lang='lat' dir='ltr'>quaerebat,</span> <span class='ocrx_word' id='word_1_311' title='bbox 1326 4116 1463 4202; x_wconf 90' lang='lat' dir='ltr'>plusque</span> 
     </span>
     <span class='ocr_line' id='line_1_33' title="bbox 271 4221 1464 4307; baseline 0.002 -20"><span class='ocrx_word' id='word_1_312' title='bbox 271 4221 391 4307; x_wconf 90' lang='lat' dir='ltr'>aliquid</span> <span class='ocrx_word' id='word_1_313' title='bbox 415 4222 601 4287; x_wconf 87' lang='lat' dir='ltr'>invenerit:</span> <span class='ocrx_word' id='word_1_314' title='bbox 626 4243 692 4288; x_wconf 90' lang='lat' dir='ltr'>una</span> <span class='ocrx_word' id='word_1_315' title='bbox 716 4229 764 4288; x_wconf 88' lang='lat' dir='ltr'>est</span> <span class='ocrx_word' id='word_1_316' title='bbox 787 4222 905 4307; x_wconf 89' lang='lat' dir='ltr'>patria,</span> <span class='ocrx_word' id='word_1_317' title='bbox 930 4244 1031 4288; x_wconf 91' lang='lat' dir='ltr'>unum</span> <span class='ocrx_word' id='word_1_318' title='bbox 1061 4243 1191 4299; x_wconf 91' lang='lat' dir='ltr'>nomen,</span> <span class='ocrx_word' id='word_1_319' title='bbox 1216 4244 1300 4289; x_wconf 93' lang='lat' dir='ltr'>unus</span> <span class='ocrx_word' id='word_1_320' title='bbox 1324 4223 1464 4302; x_wconf 91' lang='lat' dir='ltr'>animus,</span> 
     </span>
     <span class='ocr_line' id='line_1_34' title="bbox 270 4329 1465 4414; baseline 0.003 -21"><span class='ocrx_word' id='word_1_321' title='bbox 270 4349 375 4393; x_wconf 92' lang='lat' dir='ltr'>unum</span> <span class='ocrx_word' id='word_1_322' title='bbox 398 4329 581 4414; x_wconf 86' lang='lat' dir='ltr'>ingenium,</span> <span class='ocrx_word' id='word_1_323' title='bbox 607 4350 692 4394; x_wconf 89' lang='lat' dir='ltr'>unus</span> <span class='ocrx_word' id='word_1_324' title='bbox 727 4329 838 4411; x_wconf 90' lang='lat' dir='ltr'>stilus,</span> <span class='ocrx_word' id='word_1_325' title='bbox 863 4331 931 4396; x_wconf 90' lang='lat' dir='ltr'>vita</span> <span class='ocrx_word' id='word_1_326' title='bbox 966 4330 1021 4395; x_wconf 96' lang='lat' dir='ltr'>illa</span> <span class='ocrx_word' id='word_1_327' title='bbox 1056 4331 1181 4396; x_wconf 92' lang='lat' dir='ltr'>clarior</span> <span class='ocrx_word' id='word_1_328' title='bbox 1215 4339 1249 4397; x_wconf 88' lang='lat' dir='ltr'>et</span> <span class='ocrx_word' id='word_1_329' title='bbox 1280 4331 1465 4398; x_wconf 90' lang='lat' dir='ltr'>sacerdotio</span> 
     </span>
     <span class='ocr_line' id='line_1_35' title="bbox 269 4434 1155 4521; baseline 0.001 -21"><span class='ocrx_word' id='word_1_330' title='bbox 269 4434 442 4521; x_wconf 72' lang='lat' dir='ltr'>insignis¹².</span> <span class='ocrx_word' id='word_1_331' title='bbox 467 4436 565 4517; x_wconf 88' lang='lat' dir='ltr'>Vale,</span> <span class='ocrx_word' id='word_1_332' title='bbox 589 4435 757 4502; x_wconf 88' lang='lat' dir='ltr'>Ecclesiae</span> <span class='ocrx_word' id='word_1_333' title='bbox 782 4437 882 4502; x_wconf 90' lang='lat' dir='ltr'>decus</span> <span class='ocrx_word' id='word_1_334' title='bbox 906 4457 945 4502; x_wconf 90' lang='lat' dir='ltr'>ac</span> <span class='ocrx_word' id='word_1_335' title='bbox 968 4435 1155 4503; x_wconf 70' lang='lat' dir='ltr'>nostrum¹³.</span> 
     </span>
    </p>
   </div>
   <div class='ocr_carea' id='block_1_17' title="bbox 0 0 1650 5750">
    <p class='ocr_par' dir='ltr' id='par_1_18' title="bbox 0 0 1650 5750">
     <span class='ocr_line' id='line_1_36' title="bbox 0 0 1650 5750; baseline 0 0"><span class='ocrx_word' id='word_1_336' title='bbox 0 0 1650 5750; x_wconf 95' lang='lat' dir='ltr'> </span> 
     </span>
    </p>
   </div>
  </div>
 </body>
</html>
