3284 5750
709 536 895 596 suuuossoo
919 533 1090 594 adunabat

393 728 516 794 deditas
539 727 627 809 lacit,
645 746 706 792 nec
724 725 831 791 minor
847 724 930 802 ideo,
947 724 1004 790 sed
1024 725 1132 791 maior
1151 731 1201 791 est
1216 724 1359 801 vanitas,
1378 729 1527 808 quautam

392 855 529 920 magnos
552 834 593 899 ad
617 854 652 898 se
675 833 802 898 animos
826 833 963 898 trahere
985 839 1175 917 potensest.
1194 833 1290 897 Neve
1314 831 1388 916 quis
1406 831 1524 916 priscam

391 948 530 1022 tantum,
551 961 617 1006 non
641 941 834 1006 modernam
858 939 1035 1006 amentiam
1059 939 1256 1025 suspicetur,
1273 939 1392 1004 redeat
1414 939 1452 1004 ad
1471 958 1521 1002 me

392 1049 541 1130 moriam,
562 1068 623 1114 nec
639 1048 737 1133 longe
761 1067 818 1112 seu
844 1046 915 1113 loco
932 1067 991 1112 seu
1008 1053 1157 1132 temporo
1175 1046 1410 1132 requirendus.
1426 1046 1517 1110 Adhuc

392 1156 481 1221 enim
500 1155 590 1236 vivit,
609 1175 670 1220 nec
694 1155 769 1219 dum
787 1153 903 1230 senuit,
922 1160 955 1219 et
978 1153 1012 1217 in
1028 1162 1121 1219 terra
1137 1153 1247 1219 italica
1265 1153 1435 1219 nobiscum
1449 1151 1514 1236 dogit

394 1263 430 1344 is,
453 1282 552 1347 quem
576 1261 748 1326 nominare
772 1280 838 1326 non
862 1267 912 1326 est
934 1280 1081 1342 necesse,
1106 1260 1261 1326 fortunae
1286 1259 1399 1345 utique
1419 1260 1462 1323 vir
1478 1258 1511 1322 in·

391 1369 498 1454 gentis
522 1388 583 1435 nec
603 1369 697 1454 parvi
715 1367 837 1453 ingenii
855 1367 1046 1452 consiliique
1065 1367 1127 1449 vir,
1145 1367 1292 1452 alioquin
1316 1368 1424 1454 magni
1437 1366 1507 1431 amni

393 1498 454 1543 nec
476 1476 600 1557 insulsi,
618 1474 673 1540 ubi
697 1475 773 1560 quid
797 1475 885 1540 serio
902 1475 1065 1560 agendum
1082 1474 1204 1552 incidit,
1221 1475 1277 1560 qui
1295 1483 1405 1541 tamon
1420 1494 1505 1560 aegro

392 1584 473 1650 tanti
497 1603 580 1668 equo
604 1604 701 1668 quem
724 1582 864 1663 amabat,
883 1601 1024 1646 aureum
1046 1581 1202 1667 pulvinar
1218 1603 1257 1647 ac
1274 1582 1416 1647 sericum
1429 1580 1505 1646 cubile

394 1689 587 1756 substravit:
606 1710 745 1773 cunique
767 1689 836 1774 ipse
854 1688 988 1754 iuterim
1005 1689 1150 1774 podagra
1166 1689 1298 1755 vinctus
1315 1696 1412 1773 atque
1424 1688 1505 1752 immo

394 1798 465 1862 bilis
490 1797 694 1862 medicorum
728 1796 856 1882 legibus
892 1803 1085 1881 regeretur,
1110 1796 1323 1862 nihilominus
1351 1804 1450 1861 tamon
1468 1801 1505 1858 aut

395 1923 569 1969 servorum
605 1909 717 1968 vectus
752 1902 917 1980 manibus,
943 1910 1000 1967 aut
1023 1922 1108 1987 equo
1131 1902 1237 1969 altero
1267 1903 1323 1968 vix
1348 1903 1469 1968 iniectus
1485 1906 1505 1964 et

395 2031 470 2076 suos
495 2010 636 2076 medicos
661 2030 769 2075 secum
795 2010 926 2084 ducens
945 2029 1065 2094 equum
1081 2030 1220 2094 aegrum
1245 2031 1344 2075 sunm
1359 2009 1405 2074 bis
1418 2015 1505 2091 terqua

393 2118 534 2204 quotidie
558 2118 723 2193 visitabat;
741 2117 786 2181 illi
810 2117 980 2202 suspirans
1004 2125 1102 2202 atque
1124 2117 1242 2184 anxius
1259 2117 1427 2193 assidebat,
1441 2116 1507 2180 illum

284 2227 299 2241 ”
360 2210 362 2215 ’
392 2226 511 2291 leniter
528 2246 626 2290 manu
644 2232 791 2292 tractans
807 2224 926 2289 blando
939 2244 1113 2290 murmure
1126 2225 1304 2291 solabatur.
1319 2226 1402 2301 Quid
1416 2218 1506 2288 multat

393 2334 528 2398 Nullum
550 2332 732 2398 medicinae
756 2352 861 2418 genus
884 2332 1091 2412 intentatum,
1109 2331 1154 2396 nil
1171 2332 1344 2418 languenti
1364 2329 1506 2398 amicode

391 2441 505 2523 bitum,
523 2439 794 2526 praetermissum
808 2438 878 2505 fuit.
893 2439 1052 2504 Fabulam
1075 2439 1215 2505 sortasse
1239 2441 1412 2525 posteritas
1429 2440 1506 2512 vocet,

395 2569 476 2614 vera
501 2568 555 2612 res
580 2553 613 2613 et
637 2547 812 2633 magnoin
837 2547 956 2632 populo
979 2553 1056 2612 nota
1081 2553 1143 2613 est:
1169 2546 1216 2613 sic
1239 2546 1292 2611 vir
1312 2547 1406 2614 fortis
1421 2561 1509 2612 curam

393 2655 468 2740 equi
493 2654 602 2741 gessit,
628 2660 663 2719 ut
686 2654 869 2739 propriam;
892 2653 938 2719 sic
962 2653 1143 2720 extinctum
1167 2653 1261 2735 luxit,
1280 2661 1316 2720 ut
1340 2653 1445 2719 filium.

262 2817 345 2871 Vano
364 2814 380 2869 ὁ
400 2815 422 2870 il
442 2815 546 2870 diletto
574 2815 653 2870 della
681 2815 777 2869 caucia
797 2815 940 2883 (XXXII),
960 2816 1049 2871 stolta
1077 2815 1105 2870 la
1126 2813 1227 2870 mania
1255 2815 1286 2870 di
1314 2831 1358 2872 un
1378 2822 1509 2871 numeroso

331 2897 537 2952 servidorame
553 2911 569 2951 e
584 2896 614 2951 di
627 2911 693 2951 case
708 2896 887 2964 magnidcbe
901 2911 918 2951 e
933 2897 963 2951 di
977 2897 1093 2951 castelli
1112 2910 1129 2951 e
1148 2897 1180 2953 di
1192 2897 1328 2965 prezioso
1342 2888 1509 2967 suppellcttili

330 2992 346 3032 e
365 2977 395 3031 di
414 2977 528 3043 gioielli
548 2992 565 3032 e
584 2976 613 3032 di
634 2975 760 3030 cristalli
789 2991 806 3031 e
832 2976 862 3031 di
890 2982 989 3032 statue
1017 2990 1034 3031 e
1053 2976 1085 3031 di
1104 2976 1213 3046 quadri
1239 2991 1255 3032 e
1275 2977 1306 3033 di
1325 2978 1391 3033 vasi
1416 2967 1510 3031 contudi

331 3058 562 3127 xxxlll-xtd).

579 3233 631 3293 De
656 3248 893 3309 gemmarum
918 3233 1039 3309 signis
1060 3236 1217 3305 (xxxta).
1545 3289 1553 3332 4

1551 3339 1553 3368 l

261 3398 305 3465 20
328 3398 489 3464 Gaunuuu
512 3435 555 3449 -
579 3397 687 3484 Signis
711 3418 842 3483 gemma
866 3397 1031 3483 expressis
1055 3398 1212 3465 mulceor.
1551 3477 1553 3486 ,

324 3508 431 3573 Remo
454 3506 677 3587 -Accessit,
702 3526 768 3571 non
792 3504 931 3586 inficior,
956 3504 996 3571 ad
1020 3512 1162 3573 naturae
1186 3506 1285 3571 decus
1309 3504 1439 3590 quidam
1453 3496 1514 3568 artis

391 3620 547 3689 ornatus;
565 3620 598 3679 et
613 3613 755 3678 minutos
779 3613 812 3677 in
830 3613 940 3678 vultus
959 3612 1058 3697 inque
1081 3612 1252 3699 signorum
1277 3633 1374 3677 usum
1394 3623 1520 3697 gemmas

393 3720 506 3805 sculpi,
530 3719 702 3786 subtiliora
725 3719 858 3804 quidem
873 3718 961 3784 iuter
984 3718 1105 3804 ingenii
1122 3738 1224 3804 opera
1240 3724 1463 3784 numeratum.
1478 3714 1521 3780 llsl

394 3828 600 3912 amethystus
624 3826 710 3892 inter
734 3826 858 3911 lapides
873 3825 935 3891 ‘vel
960 3825 1165 3911 impressioni
1189 3825 1293 3891 facilis
1316 3826 1368 3891 vel
1386 3840 1524 3891 successu

394 3954 542 4019 prosper,
568 3939 603 3998 ut
626 3933 810 4017 perhibent,
835 3938 868 3998 et
891 3932 979 3997 iuter
1003 3930 1147 3998 artifices
1168 3931 1312 4017 primum
1332 3932 1393 3996 sibi
1409 3933 1527 4018 Pyrgo-

393 4038 494 4106 teles6
518 4039 653 4124 sumpsit
676 4060 807 4120 nomen,
832 4038 981 4124 eoquod
1007 4060 1103 4119 unus,
1128 4059 1146 4105 e
1170 4039 1296 4105 cunctis
1324 4039 1374 4104 sui
1398 4035 1530 4124 generis

393 4147 530 4213 idoneus
554 4147 746 4213 Alexandro
765 4146 852 4211 visus
869 4152 929 4228 est,
946 4146 1143 4231 sculpendae
1159 4145 1209 4211 sui
1229 4145 1297 4211 oris
1315 4145 1462 4231 imagini,
1479 4162 1533 4230 qua

394 4260 465 4339 post
489 4254 621 4319 modum
645 4253 739 4318 divus
764 4255 933 4339 Augustus
958 4274 1036 4318 usus
1059 4257 1119 4335 est,
1139 4274 1214 4319 cum
1238 4273 1369 4338 gemma
1394 4252 1460 4330 illa,
1479 4270 1535 4337 qua

394 4368 469 4427 orat
490 4361 536 4425 uti
559 4360 683 4442 solitus,
708 4361 740 4424 in
764 4360 852 4426 iocos
887 4360 1055 4425 hominum
1084 4359 1226 4426 abiisset.
1251 4359 1336 4425 Huic
1360 4361 1535 4445 proximus,

393 4467 446 4533 vel
470 4467 603 4553 iugenio
628 4466 680 4533 vel
703 4473 821 4547 aetate,
839 4465 1049 4552 Apollonides
1073 4466 1135 4533 fuit
1150 4472 1184 4533 et
1202 4464 1370 4532 Cronius⁷.
1387 4468 1468 4532 Post
1483 4467 1538 4531 hos

392 4576 505 4664 magui
528 4574 669 4644 nominis
692 4574 727 4641 in
742 4575 804 4641 hac
820 4580 895 4641 arte
917 4573 1123 4641 Dioscorides
1138 4574 1210 4658 fuit,
1228 4574 1332 4657 cuiue,
1349 4595 1426 4640 cum
1442 4592 1540 4661 opera
