3284 5750
698 536 884 584 FRANCESCO
908 536 1079 585 PETRAROA

335 711 468 799 legerit,
494 734 579 799 quae
603 713 719 800 gessit,
744 721 802 781 aut
825 721 1000 800 antequam
1035 715 1251 798 ascenderet,
1277 721 1334 781 aut
1361 722 1507 802 postquam

336 820 510 897 descendit,
535 827 591 887 aut
615 822 691 886 dum
715 820 819 886 sediti
844 822 928 898 Quid
953 822 1026 887 miri
1053 829 1182 905 autem,
1208 823 1234 887 si
1263 823 1370 888 virtus
1393 843 1505 908 operum

336 948 401 992 non
424 927 536 1010 defuit,
562 928 654 994 cuius
678 935 710 994 et
733 929 832 992 animi
856 936 953 995 tenor
978 951 1071 1005 unus,
1096 937 1217 1015 etqua
1240 929 1333 995 licuit
1353 931 1435 995 vitae
1454 952 1504 994 mn-

335 1034 414 1101 tatio
437 1035 528 1100 nulla
552 1035 631 1101 fuiti
656 1036 821 1121 Siquidem
846 1036 879 1101 in
904 1057 1059 1122 supremo
1082 1058 1196 1122 rerum
1220 1037 1365 1103 culmine
1389 1045 1420 1103 et
1440 1039 1503 1102 intra

268 1141 289 1206 5
334 1142 597 1228 augustissimum
625 1164 663 1208 ac
686 1142 837 1228 papalem
872 1143 1067 1225 thalamum,
1103 1151 1278 1230 angustam
1314 1145 1375 1208 sibi
1411 1144 1503 1209 ereni-
1534 1130 1537 1137 ’

336 1247 499 1334 ticamque
524 1247 766 1314 cavernulam¹⁴
789 1249 973 1326 meditatus,
998 1250 1031 1314 in
1055 1251 1121 1315 alto
1144 1250 1286 1327 humilis
1313 1250 1400 1316 inter
1414 1251 1503 1315 turbas

334 1355 510 1436 solitarius,
535 1355 621 1421 inter
644 1355 771 1421 divitias
796 1376 921 1440 pauper
946 1356 1042 1422 vixit:
1068 1356 1150 1422 adde
1173 1356 1260 1441 quod
1295 1362 1329 1422 et
1358 1358 1457 1423 statim
1475 1357 1502 1421 ab

335 1462 426 1528 initio
448 1463 587 1528 tentavit
611 1462 732 1547 fugam,
757 1483 832 1528 cum
856 1463 1013 1548 discipulo
1041 1464 1182 1549 quodam
1216 1483 1276 1528 suo
1300 1465 1443 1530 Roberto
1463 1464 1502 1528 Sa-

335 1569 473 1647 lentino,
501 1577 580 1636 tunc
603 1569 733 1646 iuvene,
762 1570 819 1635 sed
837 1570 1001 1656 inopinata
1018 1578 1051 1637 et
1068 1571 1174 1636 subita
1192 1570 1301 1656 populi
1320 1570 1502 1636 multitudine

248 1676 289 1742 10
335 1675 595 1757 circumventus,
620 1697 696 1743 cum
730 1676 891 1744 evadendi
926 1677 1017 1742 nulla
1045 1698 1119 1762 spes
1154 1685 1255 1753 esset,
1281 1679 1314 1741 in
1339 1677 1504 1763 discipulum
1550 1758 1553 1761 .

335 1803 463 1864 versus,
488 1783 663 1868 quaesivit,
686 1804 729 1849 an
752 1803 787 1849 se
812 1785 853 1850 ad
876 1784 1008 1851 excelsa
1032 1791 1176 1850 tractum
1208 1791 1241 1850 et
1265 1792 1413 1851 coactum
1435 1782 1504 1870 sequi

336 1890 446 1955 vellet.
472 1889 529 1955 Ille
553 1897 664 1956 autem
687 1891 742 1976 qui
765 1913 784 1956 a
808 1892 966 1977 magistro
987 1891 1151 1957 didicisset
1175 1892 1335 1956 mundum
1358 1910 1504 1977 spernere,

336 1996 417 2063 dixit
451 1997 619 2063 Christum
655 2018 744 2078 vero,
781 2005 813 2064 et
847 1998 965 2084 quibus
988 1998 1029 2065 ad
1054 1999 1222 2065 Christum
1249 1999 1335 2073 itur,
1360 1999 1504 2075 virtutem,

335 2123 459 2190 pacem,
483 2103 658 2183 silentium,
680 2104 890 2172 solitudinem
913 2124 1038 2172 amare.

426 2313 469 2409 De
489 2353 658 2424 solitariis,
676 2354 765 2409 trans
781 2354 966 2422 Aquilonem
984 2355 1164 2422 montesque
1184 2355 1351 2424 Riphaeos,

247 2475 282 2516 ac
301 2461 423 2528 gentem
438 2458 698 2530 Hyperboream¹⁵
713 2461 744 2515 et
756 2461 895 2517 coeteras
908 2461 1030 2517 insulas
1043 2460 1252 2517 existentibus
1267 2459 1378 2528 (Scotto
1389 2462 1441 2527 VI,
1452 2476 1471 2514 c.
1480 2459 1514 2524 3).

249 2649 291 2714 15
403 2649 466 2715 Sed
490 2649 643 2734 quoniam
666 2649 767 2725 iuvat,
785 2648 873 2714 inter
896 2649 1082 2735 singulares
1105 2649 1287 2716 solitudinis
1303 2650 1436 2726 amices,
1452 2648 1516 2714 soli-

335 2755 437 2821 tarias
461 2755 569 2833 etiam,
594 2761 630 2821 ut
653 2755 697 2821 ita
722 2755 836 2833 dicam,
861 2761 977 2839 gentes
1001 2756 1176 2840 attingere,
1201 2755 1300 2842 longe
1325 2757 1390 2823 alio
1418 2755 1519 2821 mnndi

336 2868 460 2946 tractu,
493 2870 587 2929 trans
611 2862 825 2948 Aquilonem,
851 2868 1043 2949 montesque
1077 2863 1258 2949 Riphaeos,
1285 2864 1340 2929 ubi
1375 2865 1522 2950 exigente

336 2970 417 3036 caeli
436 2970 572 3047 ratione,
589 2989 655 3035 non
671 2969 731 3034 nisi
750 2990 849 3035 unam
866 2977 932 3036 toto
949 2990 1036 3035 anno
1053 2971 1147 3051 diem,
1165 2976 1263 3055 atque
1281 2992 1384 3036 unam
1401 2978 1525 3038 noctem

336 3078 449 3144 ierunt
479 3083 512 3143 et
549 3083 723 3161 utramque
759 3084 963 3143 semestrem.
988 3078 1242 3163 Hyperboream
1277 3085 1415 3163 gentem
1451 3099 1526 3154 esse,

246 3184 295 3251 20
334 3185 448 3260 iisdem
466 3206 567 3271 prope
583 3184 728 3249 moribus
747 3185 835 3249 fama
851 3192 910 3261 est,
928 3184 988 3249 nisi
1009 3184 1094 3269 quod
1111 3184 1152 3250 de
1169 3183 1316 3250 nuditate
1333 3185 1417 3250 nihil
1433 3186 1528 3251 credo

336 3296 470 3377 proptor
494 3290 648 3357 immitius
672 3290 811 3369 caelum,
828 3290 943 3356 eadem
966 3297 1077 3356 tamen
1100 3290 1307 3356 voluntariae
1326 3291 1442 3357 mortis
1459 3311 1531 3357 oon-

336 3397 504 3464 suctudine
527 3397 676 3483 pessima,
694 3397 751 3463 sed
775 3397 839 3463 alie
855 3418 981 3484 genere
1006 3397 1179 3463 moriendi:
1205 3396 1288 3463 sicut
1309 3398 1398 3463 onim
1415 3399 1485 3464 Indi
1501 3400 1531 3463 in

335 3504 484 3571 flammas
509 3513 600 3587 eunt,
625 3505 671 3571 sic
694 3506 742 3587 hi,
767 3505 823 3571 ubi
847 3504 897 3592 (ut
920 3505 1023 3592 aiunt)
1046 3525 1112 3570 non
1135 3504 1288 3585 taedium,
1314 3506 1372 3570 sed
1400 3505 1532 3572 satietas

338 3612 425 3678 vitae
442 3619 473 3678 et
490 3610 688 3677 desiderium
704 3610 819 3677 mortis
839 3610 1022 3691 incesserit,
1040 3610 1137 3676 sertis
1163 3609 1280 3686 ornati,
1299 3610 1425 3677 laetum
1442 3613 1533 3678 velut

227 3712 230 3718 ’
272 3720 288 3734 ”
337 3719 377 3784 ad
401 3720 519 3784 festum
544 3739 583 3783 ac
606 3718 753 3783 solemne
776 3724 964 3802 pergentes,
989 3730 1024 3783 se
1048 3717 1081 3781 in
1100 3717 1268 3801 proximos
1292 3716 1414 3783 fluctus
1433 3720 1533 3784 maris

337 3827 377 3891 ab
403 3826 559 3891 altissima
585 3845 666 3910 rupe
691 3825 916 3910 praecipitant.
940 3825 1001 3890 Hic
1026 3824 1226 3909 percelebris
1251 3826 1337 3891 vitae
1362 3825 1449 3903 finis,
1474 3829 1533 3892 hoo

337 3933 479 4018 sepulcri
504 3954 606 4019 genus
630 3932 796 3998 eximium.
822 3933 961 3999 Gentem
984 3953 1067 3997 sane
1085 3931 1119 3996 in
1144 3931 1278 4016 reliquis
1315 3940 1408 3998 certe
1439 3933 1532 3999 inno

339 4039 556 4106 conlissimam
584 4058 670 4122 esse,
695 4039 971 4124 iustissimamque
1009 4038 1211 4120 mortalium,
1236 4045 1269 4104 et
1303 4039 1466 4123 longioris
1502 4046 1533 4105 et

338 4145 493 4213 beatioris
527 4146 628 4224 vitae,
652 4146 817 4211 bellorum
854 4152 1040 4230 expertem,
1076 4166 1115 4210 ac
1149 4145 1293 4211 nesciam
1328 4145 1532 4232 iurgiorum,

248 4253 292 4319 30
338 4252 467 4338 otioque
491 4272 621 4337 semper
646 4251 779 4337 pacifico
803 4253 981 4329 fruentem,
1003 4259 1035 4317 ct
1053 4251 1140 4317 inter
1164 4251 1253 4323 lucos
1277 4272 1316 4318 ac
1340 4252 1534 4318 solitudines

338 4359 551 4425 habitantem.
566 4360 665 4425 Cuius
682 4358 789 4445 gentis
805 4366 839 4425 et
855 4359 1055 4444 Pomponius
1068 4359 1171 4429 Melas
1187 4359 1220 4424 in
1238 4360 1535 4445 Cosmopropbioe

340 4465 466 4532 libris16
489 4466 638 4532 etmulti
662 4465 716 4530 alii
744 4464 934 4531 meminere.
959 4465 1093 4531 Addunt
1126 4464 1254 4529 Plinius
1278 4464 1478 4531 Secundus¹⁷
1501 4474 1535 4532 et

339 4572 505 4657 solinus1⁸,
531 4572 741 4641 curiosissimi
777 4572 893 4643 talium
927 4578 1141 4657 scrutatores,
1166 4572 1274 4663 gentis
1301 4572 1451 4657 alterius,
1477 4574 1534 4640 sed
