3284 5750
241 504 307 574 168
688 524 874 574 rnaucnseo
905 523 1077 573 rarnanca

328 700 477 788 quamvis
501 699 581 768 illud
604 724 669 770 non
703 703 843 785 inficior,
870 703 956 769 inter
991 703 1116 769 vicinos
1140 701 1344 788 potissimum
1365 700 1492 765 invidiam

331 829 485 896 regnare.
509 811 572 876 Sed
607 811 826 896 suspicionem
848 812 934 876 hanc
965 817 1100 896 praeter
1125 810 1239 890 multa,
1264 829 1347 894 quae
1370 808 1492 888 diximus,

330 923 475 983 aetatum
494 937 624 1002 quoque
648 917 823 983 diversitas
858 937 924 982 non
948 917 1084 1002 recipit3
1114 917 1270 1002 quoniam
1294 921 1329 981 ut
1351 915 1493 1000 eleganter

330 1022 375 1088 ait
397 1022 453 1088 ille
485 1023 540 1109 qui
565 1023 609 1087 nil
647 1023 815 1109 inelegans
839 1023 905 1100 ait;
941 1023 1063 1088 mortui
1086 1023 1160 1089 odio
1189 1030 1308 1088 carent
1330 1028 1363 1087 et
1388 1020 1493 1085 invidia.

264 1129 285 1193 5
330 1131 442 1195 Iurato
466 1129 544 1194 mihi
567 1128 665 1195 fidem
689 1130 788 1206 dabis,
813 1130 973 1196 delectari
989 1151 1041 1195 me
1064 1129 1205 1195 hominis
1228 1129 1361 1215 ingenio
1376 1136 1408 1192 et
1427 1127 1492 1192 stilo:

331 1256 439 1322 neque
462 1237 502 1302 de
526 1237 589 1302 hoc
613 1258 757 1323 uuquam
780 1258 833 1303 me
858 1237 918 1303 nisi
943 1232 1116 1323 magnifice
1138 1237 1228 1322 loqui
1250 1236 1391 1302 solitum.
1411 1235 1493 1300 Unm

329 1343 486 1428 estquod
511 1342 732 1428 scrupulosius
759 1343 1003 1428 inquirentibus
1026 1342 1202 1428 aliquando
1233 1341 1397 1428 respondi,
1418 1338 1493 1404 fnisse

330 1449 424 1514 illum
446 1448 505 1515 sibi
531 1449 700 1535 imparem,
725 1449 810 1535 quod
834 1451 868 1514 in
893 1450 1024 1536 vulgari
1054 1449 1195 1535 eloquin,
1220 1470 1320 1535 quam
1348 1447 1381 1512 in
1402 1445 1493 1513 cami·

330 1556 426 1621 nibus
450 1562 507 1623 aut
531 1577 627 1641 prosa
652 1556 774 1622 clarior
796 1563 896 1643 atque
920 1556 1018 1622 altior
1041 1556 1197 1643 assurgit.
1226 1556 1322 1632 Quod
1353 1574 1446 1639 neque
1467 1559 1491 1617 tn

242 1664 286 1728 10
330 1684 442 1748 neges,
478 1683 539 1729 nec
567 1664 630 1729 rite
665 1663 875 1729 censentibus
910 1664 998 1729 aliud
1022 1684 1121 1750 quam
1156 1663 1290 1729 laudem
1307 1668 1351 1728 et
1380 1660 1491 1748 glorian

330 1771 395 1836 viri
419 1777 521 1837 sonat.
547 1770 626 1847 Quis
650 1771 737 1837 eninr
753 1791 819 1836 non
843 1772 949 1837 dicam
973 1791 1061 1836 nunc
1085 1771 1231 1836 extincta
1256 1770 1489 1855 complorataque

330 1876 545 1962 iampridem
569 1878 764 1963 eloquentia,
799 1878 855 1943 sed
880 1879 958 1942 dum
981 1877 1124 1943 maxime
1147 1875 1259 1943 floruit
1286 1876 1319 1941 in
1343 1867 1424 1941 omni
1441 1872 1488 1939 eius

331 1991 425 2069 parte
450 2006 596 2050 summus
621 1984 701 2051 fuit?
725 1986 815 2071 Lege
840 1986 986 2051 Senecae
1011 1985 1287 2051 declamationum
1315 1983 1420 2048 libros.
1439 1981 1488 2044 Non

331 2091 361 2155 id
386 2091 538 2157 Ciceroni
561 2092 729 2169 tribuitur,
754 2113 820 2158 non
836 2093 990 2177 Virgilio,
1014 2111 1081 2158 non
1104 2091 1269 2172 Sallustio,
1294 2111 1359 2155 non
1381 2085 1486 2154 Platoni.

243 2197 286 2262 15
332 2198 411 2275 Quis
435 2198 566 2263 laudem
594 2199 692 2264 tantis
715 2199 856 2284 ingeniis
884 2208 1040 2283 negatam
1064 2197 1212 2264 ambiat?
1238 2199 1310 2264 Uno
1340 2197 1373 2262 in
1394 2210 1487 2282 genere

330 2305 526 2372 excelluisse
550 2306 627 2371 satis
662 2313 720 2372 est.
746 2306 839 2382 Quae
874 2327 948 2372 cum
973 2306 1017 2372 ita
1052 2306 1125 2382 sint,
1150 2305 1279 2384 sileant,
1311 2295 1487 2389 quaesoqui

331 2412 529 2478 calumniam
552 2418 694 2478 struunt.
729 2414 773 2479 Aa
795 2413 847 2498 qui
878 2413 966 2479 forte
994 2411 1269 2479 calumniantibus
1298 2410 1487 2480 crediderunt

331 2518 364 2582 hi
388 2519 415 2583 si
438 2518 526 2596 libet,
562 2519 715 2584 iudicium
739 2540 847 2585 meum
873 2519 994 2605 legant.
1031 2519 1089 2584 His
1113 2539 1176 2603 ego
1205 2519 1323 2604 quibus
1346 2513 1488 2602 premebar

331 2626 417 2710 apud
441 2633 473 2692 te
496 2626 658 2711 depositis,
684 2626 723 2691 ad
741 2627 923 2692 secundum
945 2627 1052 2691 venio.
1077 2626 1173 2702 Quod
1196 2625 1236 2691 de
1252 2630 1309 2691 tua
1333 2624 1489 2689 salutatam

242 2731 286 2796 20
331 2731 477 2797 solicitus
501 2732 620 2798 fuerim
654 2733 778 2819 gratias
802 2733 894 2818 agis:
919 2733 1048 2798 urbane
1085 2732 1191 2817 potius
1215 2739 1248 2798 et
1272 2730 1401 2817 vulgari
1421 2742 1490 2792 more

330 2858 429 2924 quam
452 2839 537 2924 quod
561 2841 687 2906 nescias
711 2860 918 2925 supervacue
941 2838 973 2905 id
997 2838 1080 2905 fieri.
1106 2839 1191 2905 Nam
1221 2838 1275 2905 cui
1298 2857 1433 2924 unquam
1448 2849 1491 2919 pro

332 2945 505 3031 suiipsius
540 2968 620 3013 cura
649 2966 773 3032 proque
807 2967 846 3013 re
870 2946 1004 3032 propria
1041 2948 1125 3013 bene
1149 2953 1243 3032 gesta
1276 2946 1402 3030 gratiae
1421 2946 1492 3007 actae

330 3053 432 3119 suntl
456 3055 493 3118 In
517 3060 560 3133 te,
592 3054 706 3128 amice,
731 3074 805 3119 mea
842 3074 896 3119 res
920 3054 1041 3139 agitur.
1077 3053 1147 3120 Etsi
1170 3052 1323 3138 equidem
1358 3052 1391 3117 in
1419 3049 1495 3115 rebus

332 3161 482 3226 humanis
505 3161 647 3227 amicitia
672 3170 744 3246 post
762 3162 922 3227 virtutem
938 3161 1018 3225 nihil
1034 3161 1188 3243 sanctius,
1206 3160 1285 3225 nihil
1303 3147 1498 3225 deiformius³³

241 3267 285 3333 25
330 3268 476 3353 nihilque
500 3269 684 3346 caelestius,
709 3276 822 3335 tamen
846 3270 979 3335 referre
1002 3269 1159 3349 arbitror,
1177 3288 1220 3333 an
1237 3287 1354 3332 amare
1377 3264 1500 3350 incipias,

331 3395 373 3440 an
398 3376 513 3457 amari,
539 3376 770 3462 aliquantoque
795 3376 981 3462 religiosius
1005 3376 1159 3441 colendas
1175 3373 1338 3440 amicitias
1353 3374 1387 3439 in
1405 3371 1503 3459 quibus

330 3482 452 3548 amoris
475 3483 564 3549 vices
601 3484 768 3549 reddimus
792 3504 893 3568 quam
915 3483 949 3547 in
984 3482 1102 3568 quibus
1126 3481 1313 3566 accipimus.
1340 3482 1460 3566 Nempe
1480 3481 1506 3542 ut
1540 3463 1542 3484 ⁴

246 3628 248 3632 ·
331 3589 445 3676 sileam
469 3590 581 3667 multa,
618 3590 673 3655 ubi
697 3610 750 3654 me
773 3590 838 3654 tuis
861 3588 1024 3674 obsequiis
1059 3596 1157 3673 atque
1181 3587 1345 3654 amicitiae
1376 3583 1508 3652 muneri·

331 3697 391 3761 bus
416 3696 540 3762 victum
568 3696 644 3772 scio,
670 3717 773 3761 unum
804 3695 883 3761 illud
907 3694 1055 3760 oblivisci
1085 3714 1252 3779 nunquam
1276 3694 1407 3779 possim,
1437 3690 1511 3779 quod

241 3804 285 3868 30
330 3810 365 3869 tu
389 3803 467 3868 olim
490 3824 542 3869 me
576 3803 690 3869 Italiae
714 3802 821 3868 medio
853 3802 918 3868 iter
941 3800 1149 3867 festinantius
1176 3805 1342 3886 agentem,
1365 3801 1431 3867 iam
1452 3819 1514 3865 sae

331 3909 441 3974 viente
477 3909 604 3985 bruma,
628 3929 694 3974 non
730 3906 900 3974 affectibus
924 3907 1010 3989 soliS,
1046 3907 1102 3992 qui
1124 3906 1218 3993 quasi
1254 3906 1391 3991 quidam
1425 3903 1516 3972 animi

329 4036 443 4100 passus
460 4021 545 4093 sunt,
571 4016 627 4080 sed
644 4034 806 4100 corporeo
830 4015 929 4080 etiam
953 4020 1043 4081 motu
1060 4015 1159 4095 celer,
1184 4012 1269 4078 miro
1292 4014 1441 4079 noudum
1463 4010 1517 4077 visi

330 4122 469 4188 hominis
504 4122 675 4200 desiderio,
701 4121 913 4207 praevenisti,
949 4121 1131 4207 praemisso
1167 4119 1254 4184 haud
1289 4119 1427 4205 ignobili
1452 4141 1519 4188 car-

331 4230 426 4296 mine.
450 4231 558 4315 Atque
574 4229 618 4295 ita
642 4230 734 4315 prius
751 4229 875 4315 ingenii
898 4235 932 4295 et
947 4249 1025 4295 mox
1048 4226 1197 4313 corporis
1220 4227 1268 4292 tui
1291 4227 1423 4293 vultum
1447 4226 1521 4293 mihi

241 4335 286 4401 35
330 4357 429 4422 quem
453 4356 567 4402 amare
601 4337 800 4402 decreveras
829 4335 1006 4402 ostendisti.
1043 4336 1127 4401 Sera
1149 4340 1260 4400 tamen
1294 4333 1360 4399 diei
1384 4335 1470 4401 illius
1493 4340 1522 4400 et

331 4443 484 4529 ambigua
508 4443 574 4508 iam
597 4442 654 4507 lux
678 4449 761 4520 erat,
786 4443 863 4508 dum
887 4463 940 4508 me
963 4443 1062 4528 longo
1096 4440 1293 4527 postliminio
1328 4441 1523 4508 redeuntem

331 4557 365 4619 et
387 4550 475 4618 intra
498 4569 610 4616 muros
626 4551 759 4617 tandem
782 4550 905 4638 patrios
929 4550 1182 4639 deprehensum,
1205 4547 1351 4615 officiosa
1371 4555 1404 4616 et
1427 4570 1524 4638 supra
