3284 5750
722 670 841 721 AFRIGA

129 856 200 921 220
224 854 273 920 llli
297 854 448 939 equidem
472 852 583 918 miseri
607 852 772 938 trepidant
796 850 918 936 letique
943 850 1115 936 propinqui

223 960 359 1027 Casibus
383 958 521 1041 attoniti,
546 965 694 1043 spectant
717 965 830 1024 tamen
854 958 963 1024 omnia
983 958 1108 1027 circum

223 1069 296 1144 Qua
318 1066 455 1152 fugiant,
479 1065 610 1150 quando
633 1064 689 1130 illa
714 1071 803 1149 patet
827 1064 881 1130 via
905 1064 974 1130 sola
998 1064 1122 1130 salutis.

119 1174 122 1178 ’
223 1176 316 1240 Tunc
339 1193 439 1259 super
462 1169 623 1238 insultans
647 1171 761 1237 stricto
786 1191 945 1237 mucrone
968 1170 1175 1237 tremendus:

223 1283 311 1358 luro,
336 1280 391 1361 ait,
415 1278 565 1346 aetherei
588 1298 648 1363 per
673 1278 806 1342 numina
830 1298 958 1343 summa
981 1276 1147 1360 Tonantis,

127 1388 201 1455 225
223 1389 278 1453 Me
301 1407 480 1472 nunquam,
505 1385 583 1450 dum
606 1384 675 1450 vita
697 1384 786 1466 mibi,
811 1384 888 1449 dum
912 1384 1062 1449 membra
1087 1385 1277 1467 manebunt,

222 1496 443 1559 Deserturum
467 1490 558 1583 urbis
582 1492 708 1557 Romae
732 1490 912 1574 Italiaeque
937 1490 1079 1572 labores,
1173 1505 1176 1513 ·

224 1602 449 1665 Passurumve
472 1598 568 1664 alios:
594 1606 627 1664 et
650 1618 739 1663 nunc
762 1596 831 1678 tibi,
857 1597 978 1674 Quinte
1001 1597 1146 1680 Metelle,

224 1706 406 1772 Iurandum
429 1714 479 1771 est
501 1705 637 1790 pariter,
661 1705 726 1781 vel,
750 1705 777 1769 si
801 1704 941 1771 fortasse
965 1724 1111 1786 recusas,

225 1815 297 1885 Hac
318 1813 464 1887 moriere
487 1804 602 1888 manu;
627 1812 785 1897 vobisque
809 1810 987 1877 novissima
1009 1812 1101 1879 venit

131 1923 205 1989 230
229 1920 388 1988 Omnibus
404 1920 473 1986 ista
497 1919 575 1985 dies.
600 1919 818 2004 Gladiumque
842 1920 961 1997 erexit,
986 1924 1020 1985 et
1042 1920 1158 1986 omnes

226 2030 469 2096 Contremuere
492 2035 597 2103 metm
622 2026 699 2093 facti
724 2027 791 2091 dux
815 2025 884 2111 ipse
907 2027 1061 2093 Metellus

225 2134 384 2221 Diriguit:
410 2155 465 2227 res
487 2154 606 2220 nempe
629 2134 727 2199 ferox
750 2133 948 2219 inopinaque
972 2140 1100 2200 mentes
1136 2126 1138 2130 ’

228 2244 415 2324 Presserat,
438 2241 526 2307 haud
549 2240 646 2307 aliter
668 2262 766 2325 quam
791 2240 816 2305 si
842 2240 927 2305 lovis
951 2241 1002 2305 ira
1029 2241 1203 2308 trisulcum

230 2349 393 2415 Torsisset
415 2348 501 2414 male
524 2347 621 2413 firma
644 2348 758 2413 domus
781 2347 816 2411 in
839 2347 982 2413 culmina
1007 2348 1124 2425 telum:

135 2457 207 2524 235
230 2457 299 2523 Nec
322 2475 417 2532 secus
440 2455 516 2521 irati
540 2454 620 2521 civis
643 2454 971 2541 tremefecitimago,
1155 2441 1158 2447 ¹

230 2562 421 2629 Hannibalis
444 2582 541 2648 quam
565 2561 592 2627 si
617 2561 764 2628 victricia
787 2562 882 2648 signa
905 2562 1058 2630 viderent

230 2670 425 2756 Impendere
448 2669 508 2735 sibi
533 2676 739 2755 mortemque
763 2675 796 2736 et
819 2669 927 2735 vincla
952 2668 1082 2735 minari.

229 2777 321 2863 Ergo
343 2776 378 2841 in
401 2778 504 2843 verba
528 2776 634 2853 simul,
659 2797 723 2861 quo
746 2776 898 2858 iusserat,
923 2775 1040 2843 ordine
1062 2776 1189 2854 iurant3

228 2886 302 2950 Dux
326 2884 427 2971 prior,
452 2884 527 2950 inde
550 2884 614 2950 alii.
639 2885 724 2950 Mira
749 2885 795 2950 sic
818 2885 874 2950 ille
898 2884 1082 2970 pudendam

136 2994 205 3058 240
230 2991 434 3077 Compressit
453 2979 577 3058 virtute
600 2992 724 3078 fugam.

210 3187 306 3243 lnfine
332 3201 349 3242 a
367 3186 434 3241 vivi
458 3186 550 3241 colori
577 3192 774 3256 rappresenta
793 3186 936 3243 l'assedio
953 3201 971 3243 e
989 3186 1018 3242 la
1037 3201 1126 3257 presa
1152 3186 1183 3243 di
1204 3187 1371 3257 cartagena
1389 3189 1421 3244 in
1478 3153 1480 3157 ¹

140 3270 280 3338 lspagna.
713 3269 716 3272 “

138 3419 205 3486 285
231 3469 513 3485 ......
561 3419 704 3485 Brevior
729 3440 794 3485 non
819 3418 955 3505 contigit
978 3419 1053 3485 ullis

229 3525 401 3591 Moenibus
424 3522 591 3602 obsidio⁷⁰;
615 3525 776 3610 siquidem
799 3526 979 3611 primordia
1001 3527 1088 3594 bello

229 3634 302 3698 Una
326 3633 394 3698 dies
417 3631 582 3718 finemque
606 3632 702 3699 dedit.
727 3634 800 3699 Non
823 3640 911 3700 tecta
935 3634 1127 3720 relinquunt

231 3738 330 3806 Ocius
354 3738 502 3805 imbelles
526 3739 612 3805 lovis
635 3739 860 3806 instimulante
884 3741 1056 3807 columbae

230 3846 419 3932 Armigero,
443 3854 500 3912 aut
523 3845 631 3931 pavidi
655 3846 844 3912 venientem
868 3847 909 3913 ad
932 3848 1037 3915 lustra
1061 3849 1191 3915 leonem

113 3953 207 4019 290
230 3951 411 4038 Diffugiunt
434 3952 574 4038 lepores.
600 3953 713 4019 Subito
737 3953 883 4019 custodia
907 3961 1023 4039 portae

230 4059 413 4145 Deseritur,
438 4058 532 4144 pauci
555 4059 685 4125 validae
708 4081 745 4127 se
768 4061 940 4127 moenibus
963 4062 1051 4129 arcis

232 4166 417 4242 Occultant,
442 4165 504 4231 alii
521 4166 652 4253 fugiunt
675 4172 844 4252 totamque
868 4188 928 4253 per
952 4169 1071 4235 urbem

233 4273 450 4349 Sternuntur;
475 4272 570 4338 vario
594 4273 800 4359 complentur
825 4282 943 4341 cuncta
968 4276 1107 4362 fragore
1144 4358 1145 4362 Ἰ

232 4381 511 4466 Pugnantumque
535 4379 632 4445 simul
655 4379 794 4465 strepitu
819 4381 1010 4467 gemituque
1034 4383 1219 4452 cadentum.

140 4485 208 4552 295
233 4485 347 4562 Qualis
371 4485 412 4551 ab
436 4484 637 4571 AEtbiopum.
654 4485 775 4572 rapidis
799 4509 902 4571 quum
925 4488 1051 4555 tollitur
1072 4490 1205 4557 Austris

236 4593 363 4658 Littore
386 4598 563 4677 tempestas
588 4600 738 4659 nostrum
761 4615 882 4659 casura
909 4595 969 4660 sub
993 4615 1100 4672 axem,

233 4701 383 4787 Apparet
406 4699 583 4766 metuenda
607 4701 732 4786 procul,
757 4721 835 4766 mox
858 4702 1009 4787 proxima
1032 4703 1137 4773 nubes
