3284 5750
684 566 869 612 FRAxcusuo
906 567 1074 612 PETRARCA

328 744 502 830 parabiles.
520 744 592 809 Non
617 748 652 809 ut
676 743 736 810 ista
761 764 844 809 cura
867 749 963 824 esset,
980 742 1147 808 lauterum
1171 741 1313 808 facultas
1331 743 1517 828 epularum:

328 872 391 938 ego
412 859 522 918 autem
538 853 628 918 tenui
642 851 730 917 victu
744 859 777 917 et
793 851 872 916 cibis
889 850 1083 935 vulgaribus
1100 849 1200 916 vitam
1217 850 1270 935 egi
1291 850 1416 916 laetius
1433 872 1517 936 quam

327 979 402 1024 cum
425 957 685 1043 exquisitissimis
701 958 836 1043 dapibus
854 977 967 1022 omnes
985 955 1106 1042 Apicii⁸
1122 976 1343 1023 successores.
1364 957 1517 1023 Convivia

327 1085 412 1150 quae
430 1064 583 1131 dicuntur
601 1064 688 1147 (cum
712 1065 775 1130 sint
794 1064 1082 1129 commessationes
1103 1063 1283 1130 modestiae
1300 1071 1334 1129 et
1353 1065 1450 1130 bonis
1462 1085 1519 1130 mo

261 1172 283 1237 5
329 1172 420 1236 ribus
438 1170 603 1258 inimicae)
620 1192 751 1257 semper
776 1170 853 1235 mibi
871 1170 1123 1255 displicuerunt;
1137 1169 1341 1235 laboriosum
1361 1177 1397 1237 et
1415 1170 1520 1237 inutile

329 1286 510 1344 natussum
526 1279 567 1343 ad
584 1279 672 1343 hunc
690 1277 789 1343 finem
807 1298 929 1344 vocare
948 1278 1039 1354 alios,
1054 1297 1114 1343 neo
1131 1277 1239 1342 minus
1255 1278 1299 1342 ab
1311 1278 1388 1343 aliis
1406 1278 1519 1345 vocari.

329 1386 518 1451 Convivere
553 1391 664 1450 autem
691 1406 766 1451 cum
790 1385 901 1450 amicis
918 1384 999 1450 adeo
1016 1384 1204 1464 iucundum,
1225 1392 1260 1450 ut
1277 1404 1400 1450 eorum
1417 1406 1521 1471 super-

329 1499 431 1558 ventu
444 1492 490 1557 nil
510 1491 637 1577 gratius
654 1492 838 1570 habuerim,
854 1513 914 1558 nec
933 1513 1077 1578 unquam
1089 1492 1214 1569 volens
1228 1492 1300 1558 sine
1317 1493 1409 1560 socio
1423 1494 1520 1559 cibum

330 1598 536 1683 sumpserim.
554 1598 641 1663 Nihil
665 1599 744 1665 mibi
769 1599 873 1685 magis
889 1620 989 1684 quam
1012 1619 1129 1684 pompa
1154 1599 1311 1685 displicet,
1338 1620 1408 1665 non
1425 1600 1520 1666 solun

242 1705 284 1770 10
329 1705 405 1790 quia
430 1704 514 1769 mala
536 1711 568 1770 et
600 1704 775 1770 humilitati
799 1705 978 1786 contraria,
1011 1706 1067 1770 sed
1091 1705 1167 1790 quia
1191 1705 1329 1770 difficilis
1366 1713 1401 1772 et
1429 1705 1520 1792 quieti

329 1811 470 1877 adversa
488 1818 547 1877 est.
572 1812 696 1877 Amore
720 1810 994 1899 acer=r¹imo⁹,„sed
1014 1811 1109 1878 unico
1133 1819 1167 1878 et
1191 1812 1339 1889 honesto,
1359 1814 1395 1877 in
1420 1814 1520 1880 adole-

330 1917 453 1984 scentia
478 1917 643 1994 laboravi‚
669 1925 702 1984 et
725 1918 845 1984 diutius
870 1919 1090 1999 laborassem,
1115 1918 1175 1983 nisi
1208 1919 1273 1983 iam
1301 1927 1518 2004 tepescentem

330 2025 440 2110 ignem
455 2044 542 2089 mors
559 2025 691 2098 acerba,
711 2025 768 2090 sed
785 2025 882 2101 utilis,
896 2024 1101 2091 extinxisset.
1117 2025 1303 2091 Libidinum
1318 2048 1375 2092 me
1393 2047 1520 2113 prorsus

329 2138 503 2216 expertem
526 2130 636 2196 dicere
653 2151 747 2215 posse
771 2138 921 2216 optarem
937 2132 1084 2217 quidem;
1101 2133 1168 2209 sed,
1186 2133 1213 2197 si
1232 2132 1349 2215 dicam,
1369 2134 1518 2208 mentiar;

242 2239 284 2305 15
330 2239 392 2303 boc
414 2257 533 2302 secure
557 2237 708 2314 dixerim,
729 2257 792 2318 me,
809 2258 998 2323 quanquam
1022 2239 1158 2304 fervore
1182 2239 1300 2305 aetatis
1324 2247 1360 2306 et
1384 2241 1517 2326 eomple-

329 2342 464 2410 xionis¹⁰
480 2343 520 2408 ad
544 2343 576 2407 id
593 2350 734 2427 raptum,
754 2343 913 2409 vilitatem
936 2344 1026 2409 illam
1043 2353 1154 2410 tamen
1170 2365 1303 2430 semper
1319 2347 1433 2414 animo
1450 2365 1517 2413 exe·

330 2449 499 2517 cratumfl.
517 2450 595 2514 Mox
620 2470 701 2515 vero
725 2450 765 2514 ad
789 2450 1081 2536 quadragesimum
1105 2472 1229 2516 annum
1249 2454 1514 2539 appropinquans,

330 2557 407 2622 dum
431 2557 538 2621 adhuc
562 2563 596 2621 et
619 2555 739 2621 caloris
762 2557 840 2621 satis
864 2563 952 2622 esset
975 2563 1009 2622 et
1033 2557 1164 2635 virium,
1182 2578 1248 2622 non
1272 2558 1381 2624 solum
1405 2561 1512 2625 factum

330 2663 410 2728 illud
433 2664 629 2739 obscenum,
654 2662 710 2727 sed
735 2662 805 2728 eius
829 2663 1023 2728 memoriam
1053 2684 1184 2730 omnem
1213 2665 1259 2731 sic
1283 2665 1410 2743 abieci,
1434 2661 1510 2750 quasi

241 2773 285 2838 20
330 2791 499 2855 nunquam
529 2769 686 2835 feminam
710 2770 931 2854 aspexissem:
963 2771 1049 2855 quod
1079 2770 1167 2836 iuter
1202 2771 1326 2856 primas
1355 2772 1508 2839 felicitato

330 2899 421 2944 meas
444 2896 603 2954 memoro,
626 2878 694 2942 Deo
718 2877 844 2962 gratias
868 2898 980 2963 agens,
1004 2878 1058 2962 qui
1084 2898 1137 2944 me
1169 2879 1276 2944 adbuc
1299 2880 1467 2966 integrum
1486 2881 1507 2944 et

331 2984 508 3071 vigentem,
526 2990 593 3050 tam
617 2983 674 3047 vili
697 2990 730 3049 et
754 2983 832 3048 mibi
849 3005 980 3069 semper
998 2984 1109 3050 odioso
1125 2984 1261 3052 servitio
1280 2986 1445 3053 liberavit.
1461 2979 1506 3051 sd

332 3092 373 3158 ad
397 3091 461 3157 alia
485 3091 637 3176 procedo.
662 3090 755 3156 Sensi
779 3090 968 3176 superbiam
992 3092 1026 3156 in
1049 3090 1131 3168 aliis,
1150 3112 1217 3160 non
1244 3092 1278 3157 in
1301 3113 1367 3174 me,
1392 3100 1425 3160 et
1450 3107 1505 3158 cun

331 3219 454 3285 parvus
482 3195 618 3278 fuerim,
640 3217 770 3283 semper
794 3199 902 3263 minor
931 3198 1049 3264 iudicio
1078 3218 1152 3264 meo
1175 3199 1232 3264 fui.
1257 3201 1312 3266 Ira
1341 3221 1417 3266 mea
1476 3193 1504 3211 '⁸

245 3306 289 3373 25
334 3325 494 3391 persaepe
526 3303 653 3385 nocuit,
678 3304 750 3369 aliis
781 3325 959 3389 nunquam.
984 3306 1214 3372 Amicitiarum
1242 3306 1507 3391 appetentissimus

331 3414 562 3493 honestarum,
587 3417 621 3477 et
644 3410 849 3476 fidelissimus
873 3411 980 3477 cultor
1005 3412 1062 3477 fui.
1087 3414 1252 3497 Intrepide
1285 3413 1429 3499 glorior,
1450 3410 1507 3499 quia

332 3522 398 3587 scio
415 3541 468 3586 me
485 3540 604 3585 verum
621 3519 718 3604 loqui.
734 3519 1010 3604 Indignantissimi
1028 3519 1137 3598 animi,
1156 3522 1212 3586 sed
1229 3518 1433 3588 offensarum
1447 3517 1508 3588 obt

333 3626 517 3704 viosissimi,
534 3626 772 3693 beneficiorum
789 3627 1016 3711 permemoris.
1034 3627 1228 3713 Principum
1244 3649 1282 3693 ac
1299 3649 1421 3715 regum
1436 3623 1509 3695 fami

335 3735 531 3801 liaritatibus
555 3740 589 3800 et
616 3734 774 3799 nobilium
799 3734 948 3800 amicitiis
973 3755 1076 3819 usque
1100 3734 1141 3799 ad
1165 3734 1321 3800 iuvidiam
1339 3737 1483 3803 fortunat

241 3844 285 3908 30
330 3840 417 3908 fuiffl.
436 3841 498 3907 Sed
514 3842 575 3906 hoc
593 3848 643 3906 est
659 3840 853 3925 supplicium
865 3840 1118 3918 senescentium,
1133 3848 1169 3906 ut
1183 3861 1321 3907 suorum
1339 3842 1510 3929 saepissime
1539 3898 1551 3906 .

332 3956 456 4015 mortes
472 3947 583 4014 fleant.
600 3947 736 4013 Maximi
753 3968 872 4033 regum
890 3968 984 4013 meae
1001 3948 1118 4013 aetatis
1134 3954 1290 4014 amarunt
1303 3955 1336 4015 et
1352 3948 1511 4017 coluerunt
1535 3971 1550 3984 ³

331 4076 402 4133 me;
420 4076 480 4121 cur
498 4061 610 4120 autem
626 4054 749 4119 nescio:
768 4053 827 4139 ipsi
854 4053 1012 4128 viderint;
1030 4059 1063 4120 et
1085 4054 1130 4120 ita
1154 4075 1229 4119 cum
1250 4055 1447 4139 quibusdam
1468 4050 1512 4130 fui,
1537 4087 1551 4130 :

331 4171 368 4229 ut
383 4162 442 4248 ipsi
462 4162 700 4247 quodammodo
717 4182 847 4227 mecum
863 4168 983 4238 esseut,
1001 4168 1034 4226 et
1051 4160 1249 4228 eminentiae
1266 4182 1385 4228 eorum
1402 4153 1522 4228 nullm
1540 4199 1551 4208 ,

333 4269 489 4345 taedium,
507 4268 676 4334 commoda
693 4268 795 4333 multa
813 4269 1032 4353 perceperim.
1049 4267 1169 4334 Multos
1185 4275 1298 4334 tamen
1313 4289 1434 4336 eorum
1447 4285 1515 4356 quot
1541 4311 1546 4355 3

241 4376 286 4442 35
331 4376 428 4442 valde
452 4376 606 4441 amabam
629 4372 744 4459 effugi3
768 4380 880 4439 tantus
904 4374 966 4440 fuit
990 4373 1068 4438 mibi
1092 4374 1208 4441 insitus
1232 4395 1327 4441 amor
1355 4374 1515 4454 libertatis
1545 4427 1550 4452 ,-

335 4491 371 4550 ut
383 4483 476 4549 cuius
489 4483 542 4548 vel
555 4500 676 4546 nomen
693 4481 798 4566 ipsum
814 4481 960 4547 libertati
976 4481 1022 4545 illi
1035 4501 1108 4547 esse
1121 4483 1328 4549 contrarium
1344 4483 1516 4560 videretur,
1545 4529 1547 4536 .

333 4590 425 4657 omni
449 4588 554 4657 studio
571 4587 772 4655 declinarem
782 4586 812 4653 ¹³.
831 4587 967 4676 Ingenio
991 4587 1037 4652 fui
1054 4607 1159 4675 aequo
1182 4588 1405 4678 potiusquam
1421 4595 1518 4668 acuto,
