3284 5750
475 714 517 776 o'n
534 713 690 778 1111111111
714 732 901 787 0111101011
924 713 1087 779 sensuum
1358 697 1421 781 l3'3'

274 919 368 993 posse
391 909 555 995 cognovit,
580 917 613 976 et
636 909 765 976 sanavit
788 917 821 976 et
845 876 998 976 sanandis
1022 910 1094 977 aliis
1118 912 1262 978 hahilem
1284 912 1371 995 fecit,
1388 918 1422 979 et
1527 973 1547 989 ,.

274 1023 310 1082 tu
333 1016 443 1096 facito,
466 1023 502 1083 ut
525 1037 645 1083 secura
679 1016 736 1083 tibi
772 991 1422 1099 1111111111111,101111111111111111.
1489 1022 1520 1050 ”

273 1124 421 1209 Denique
445 1125 531 1211 quod
554 1131 646 1191 tuum
685 1131 735 1191 est
768 1125 915 1190 animum
951 1146 1032 1191 cura
1068 1127 1266 1212 caelestique
1294 1127 1421 1195 medico
1550 1115 1560 1130 ”

273 1232 457 1297 curandum
492 1229 585 1298 offer.
610 1233 657 1297 De
681 1231 810 1316 reliquo
846 1252 948 1296 unum
983 1232 1045 1297 hoc
1080 1231 1242 1317 intrepide
1267 1232 1420 1313 dixerim,

156 1340 181 1405 5
272 1347 306 1407 et
328 1339 444 1405 sinon
468 1338 553 1425 quod
577 1339 677 1417 iuvat,
701 1345 735 1404 at
758 1339 905 1424 profecto
929 1338 1014 1423 quod
1039 1339 1181 1425 expedit,
1205 1360 1313 1425 spera.

206 1448 243 1512 D.
270 1482 311 1497 -
335 1446 499 1514 Valetudo
523 1445 655 1512 infirma
678 1452 738 1512 est.
1384 1436 1387 1440 ’

204 1555 244 1620 R.
262 1591 305 1605 -
327 1556 365 1619 ln
388 1552 633 1620 infirmitatibus
661 1551 809 1640 gloriare
847 1559 880 1619 et
903 1554 1062 1619 virtutem
1085 1552 1219 1639 perfice,
1244 1555 1308 1620 duo
1336 1556 1421 1623 haec

271 1661 368 1726 unius
391 1660 541 1746 magistri
565 1682 623 1727 ore
645 1660 792 1727 didicisti.

203 1770 241 1833 D.
266 1806 308 1820 -
332 1768 498 1835 Valetudo
521 1768 670 1854 corporis
694 1775 848 1835 extrema
870 1769 940 1834 sine
965 1770 1111 1836 remedio
1135 1777 1194 1836 est.

135 1877 181 1941 10
205 1877 245 1942 R.
270 1913 313 1927 -
337 1875 407 1965 sne
427 1882 461 1942 et
483 1876 601 1960 gaude,
626 1875 759 1941 ruinoso
783 1896 921 1942 carcere
937 1877 1084 1943 vinctum
1098 1883 1131 1943 te
1147 1877 1321 1963 egrediere
1340 1878 1419 1944 faci-

271 1983 334 2049 lius
358 2004 398 2050 10
420 1982 525 2050 citius.

475 2158 527 2218 De
547 2158 681 2217 amicis
699 2157 916 2219 infidelibus
935 2161 1074 2229 (1111111).

202 2305 316 2369 Dones
343 2342 384 2356 -
408 2306 455 2369 De
478 2304 591 2371 amicis
615 2324 748 2390 queror.

203 2414 311 2480 Rnrro
345 2448 386 2463 -
412 2411 497 2488 Quid
520 2412 573 2477 hio
596 2410 741 2478 hostibus
765 2410 873 2492 110111,
897 2410 953 2496 qui
977 2410 1017 2476 de
1040 2410 1153 2476 amieis
1177 2410 1419 2496 querimoniam

271 2518 418 2586 instituit.

132 2628 178 2693 15
201 2628 240 2693 D.
270 2663 312 2679 -
336 2626 469 2693 Amicos
493 2626 649 2712 experior
673 2625 831 2691 infideles

200 2735 242 2801 R.
269 2771 309 2785 -
333 2734 568 2821 Impossibilem
592 2754 664 2799 rem
685 2754 820 2816 narras,
845 2722 998 2799 neforto
1026 2739 1138 2799 autem
1162 2733 1284 2799 amicos
1308 2734 1416 2800 credi-

269 2842 366 2926 deris
390 2842 446 2928 qui
480 2862 547 2908 non
581 2847 687 2924 erant,
723 2860 842 2927 nempe
876 2840 908 2906 id
943 2861 1008 2907 non
1043 2840 1139 2908 modo
1169 2841 1331 2927 possibile,
1356 2842 1413 2908 sed

268 2951 527 3034 communefest.

200 3060 238 3124 D.
272 3097 307 3108 -
336 3056 488 3124 Infideles
511 3047 588 3123 sunt
611 3056 717 3123 amici.

128 3167 175 3233 20
199 3167 241 3233 R.
265 3203 307 3218 -
331 3165 390 3230 His
419 3165 563 3251 querelis
610 3165 726 3250 plenus
761 3170 809 3230 est
844 3164 934 3229 orbis
966 3170 1090 3244 terrae,
1115 3183 1233 3228 verum
1273 3163 1415 3230 amicitia

268 3272 507 3357 infidelitasque
531 3292 596 3337 non
620 3276 760 3359 coeunt}
784 3271 837 3356 qui
874 3270 1013 3336 infidelis
1049 3281 1125 3336 esse
1151 3270 1271 3356 incipit,
1296 3270 1414 3336 desinit

268 3399 341 3446 esse
365 3379 499 3460 amicus,
523 3399 582 3444 seu
606 3378 691 3463 quod
715 3380 830 3462 potius,
853 3384 889 3443 ut
912 3377 1121 3459 crediderim,
1143 3399 1320 3463 numquam
1343 3378 1414 3454 fuit,

268 3506 406 3572 cumque
423 3487 528 3552 omnis
545 3486 650 3551 virtus
667 3485 861 3551 immortalis
882 3486 932 3564 sit,
950 3485 1055 3551 omnis
1079 3484 1166 3551 fictio
1190 3485 1263 3551 aevi
1281 3485 1411 3562 brevis;

267 3614 333 3660 uon
357 3593 438 3660 fides
461 3600 512 3660 est
535 3592 673 3671 sublata,
698 3593 755 3658 sed
779 3592 876 3658 fictio.

131 3703 237 3768 151).
270 3741 304 3751 --
331 3700 452 3767 lnfidos
475 3701 633 3788 experior
656 3699 787 3766 amicos,

198 3810 239 3875 R.
276 3847 300 3859 -
328 3808 436 3874 Amici
459 3808 542 3874 falso
565 3806 668 3872 habiti
684 3807 711 3872 si
728 3827 816 3873 nunc
833 3806 975 3892 primum
991 3805 1132 3872 infidelis
1147 3805 1247 3872 animi
1268 3806 1413 3872 latebras
1500 3808 1501 3813 ’

264 3915 418 4001 pandunt,
443 3914 571 3981 erroris
594 3913 640 3980 tui
665 3913 766 3979 finem
789 3914 893 3980 laetus
918 3913 1048 3999 adspice
1076 3919 1110 3978 et
1133 3920 1248 3979 caveto
1270 3913 1412 3994 interim,

265 4043 308 4089 ne
331 4021 438 4088 morbi
462 4022 613 4107 contagia
634 4023 667 4085 in
690 4027 724 4087 te
747 4027 899 4106 serpant;
924 4020 981 4086 sed
998 4020 1194 4106 quicumque
1214 4019 1261 4085 illi
1276 4019 1412 4098 fuerint,

265 4135 301 4195 tu
324 4128 488 4196 amicitiae
516 4128 614 4194 fidem
643 4149 759 4202 serva,
785 4133 818 4194 et
846 4128 872 4192 si
904 4148 969 4193 non
1000 4134 1136 4214 propter
1167 4126 1349 4193 immeritos
1379 4132 1414 4192 at

264 4243 454 4322 propterte
478 4235 643 4318 meritum,
668 4235 776 4301 aliena
799 4242 890 4320 peste
914 4256 981 4300 non
1005 4234 1129 4316 inficas,
1154 4233 1240 4320 quod
1258 4234 1413 4299 libentius

265 4344 377 4427 facies,
393 4344 420 4410 si
444 4351 602 4430 quantum
622 4343 682 4409 'tibi
706 4342 874 4428 displiceat
897 4342 1032 4408 illorum
1054 4340 1201 4427 perfidia,
1218 4341 1287 4426 ipse
1304 4347 1414 4406 tecum

265 4452 390 4518 acriter
414 4451 611 4517 excusseris.
629 4451 734 4535 Saepe
750 4449 820 4515 vitii
844 4449 952 4516 odium
969 4449 1079 4517 calcar
1099 4448 1139 4514 ad
1163 4447 1323 4514 virtutem
1340 4447 1411 4512 fuit.

196 4561 235 4625 D.
263 4595 305 4610 -
329 4539 517 4625 Immeritus
541 4559 725 4624 amicorum
749 4557 821 4623 odia
846 4557 943 4622 traxi.

197 4667 238 4732 R.
268 4704 304 4716 -·
330 4664 441 4732 Odiosi
463 4665 563 4746 circe,
588 4664 690 4731 odiosi
712 4664 800 4741 socii,
826 4663 927 4729 odiosi
951 4662 1092 4747 cognati,
1116 4661 1217 4727 odiosi
1244 4659 1411 4746 coniuges,

127 4773 174 4840 35
263 4771 366 4841 odiosi
387 4772 522 4852 1111111,
546 4771 675 4839 odiosus
709 4770 839 4838 demum
870 4770 956 4856 patri
986 4769 1072 4836 filius
1096 4774 1129 4836 et
1152 4768 1219 4834 filio
1246 4774 1355 4854 pater,
1379 4772 1412 4833 et
