3284 5750
250 530 271 595 6
702 546 888 595 nauseasse
911 541 1084 595 rasulam

311 746 314 751 ·
339 730 437 810 atque
467 725 613 792 incidens
644 734 693 793 est
716 725 891 812 querela¹⁹.
917 726 964 791 lbi
988 727 1089 813 igitur
1114 727 1336 794 ventosissimi
1364 729 1472 794 amnis
1492 728 1523 794 ad

335 831 440 916 ripam
462 833 638 917 pueritiam
654 834 714 898 sub
738 833 940 918 parantibus,
959 854 998 898 ac
1014 833 1131 898 deinde
1149 835 1209 898 sub
1231 834 1437 900 vanitatibus
1455 835 1523 900 meis

339 939 593 1005 adolescentiam
608 947 710 1006 totam
735 939 798 1025 egi,
816 960 882 1005 non
899 947 1009 1005 tamen
1027 939 1099 1004 sine
1116 941 1243 1025 magnis
1260 941 1523 1027 digressionibus.

339 1046 487 1131 Namque
517 1048 578 1112 hoc
613 1056 762 1133 tempore
798 1047 1023 1131 Carpentoras
1059 1046 1174 1112 civitas
1207 1068 1311 1132 parva
1349 1056 1386 1114 et
1418 1049 1463 1113 illi
1492 1049 1524 1114 ad

272 1152 293 1216 5
339 1153 502 1218 orientem
527 1155 690 1239 proxima,
715 1154 933 1238 quadriennio
966 1154 1097 1240 integro
1127 1175 1179 1220 me
1211 1154 1335 1232 babuit,
1362 1156 1463 1241 inque
1485 1156 1525 1220 bis

339 1260 465 1325 duabus
495 1261 734 1345 aliquantulum
763 1261 1018 1337 Grammaticaa,
1043 1260 1239 1326 Dialecticae
1267 1281 1308 1326 ao
1331 1263 1546 1328 Rhetoricae

338 1374 498 1451 quantum
529 1375 618 1433 aetas
651 1367 754 1453 potuit
779 1367 890 1442 didici,
915 1372 1074 1451 quantum
1103 1367 1228 1432 scilicet
1251 1367 1285 1432 in
1309 1369 1433 1434 scholis
1457 1368 1523 1434 disci

340 1474 431 1550 solat,
450 1476 535 1559 quod
558 1475 753 1559 quantulum
778 1474 828 1551 sit,
845 1474 1016 1539 carissime
1040 1474 1154 1551 lector,
1179 1473 1376 1560 intelligisw.
1398 1476 1474 1542 Inde
1491 1476 1523 1542 ad

338 1582 485 1647 Mentem
501 1583 719 1647 Pessulanum
737 1582 849 1666 legum
865 1581 905 1645 ad
922 1580 1064 1646 studium
1081 1581 1258 1666 profectus
1276 1582 1523 1666 quadriennium

253 1688 295 1752 10
339 1687 384 1751 ihi
400 1688 559 1764 alterum3
577 1688 651 1753 inde
669 1686 887 1763 Bononiam²¹,
902 1694 935 1752 et
951 1686 994 1750 ibi
1010 1687 1191 1752 triennium
1208 1689 1362 1773 expendi,
1381 1697 1415 1756 et
1432 1697 1520 1756 totun

341 1794 426 1859 luris
443 1795 555 1860 Civilis
573 1815 692 1880 corpus
716 1794 836 1872 audivi,
855 1794 989 1860 foturus
1015 1794 1123 1880 magni
1141 1794 1308 1879 profectus
1330 1797 1519 1877 adolescens,

341 1907 376 1966 ut
400 1902 493 1967 multi
517 1903 746 1987 opinabantur,
771 1903 798 1967 si
827 1910 941 1987 coepto
970 1901 1174 1977 insisterem;
1199 1922 1262 1987 ego
1286 1924 1372 1969 vero
1392 1904 1517 1970 studium

341 2009 420 2074 illud
445 2030 542 2075 omne
559 2007 726 2075 destitui22.
742 2011 831 2085 Mox,
850 2019 885 2075 ut
905 2030 958 2074 me
974 2016 1150 2094 parentum
1168 2029 1250 2075 cura
1267 2009 1451 2093 destituitoe,
1467 2029 1515 2075 non

341 2116 417 2200 quia
446 2117 556 2203 legum
586 2117 665 2181 mihi
695 2137 761 2182 non
789 2117 936 2202 placeret
964 2117 1153 2192 auctoritas
1178 2137 1263 2200 quae
1288 2117 1414 2203 absque
1437 2117 1513 2183 dubio

256 2222 298 2287 15
343 2244 462 2309 magna
481 2230 539 2305 est,
554 2232 586 2289 et
601 2225 772 2289 Romanae
789 2223 989 2307 antiquitatis
1005 2223 1112 2308 plena,
1126 2244 1191 2307 qua
1208 2222 1368 2302 delector,
1386 2226 1441 2291 sod
1455 2223 1510 2309 quia

342 2350 459 2395 earum
483 2352 561 2395 usus
578 2331 722 2415 nequitia
740 2330 908 2395 hominum
926 2330 1142 2415 depravatum
1164 2331 1275 2414 itaque
1299 2331 1405 2417 piguit
1427 2329 1510 2417 perdi

342 2458 447 2515 scere,
473 2458 537 2522 quo
560 2438 732 2503 inhoneste
757 2437 802 2502 uti
827 2437 948 2503 nollem
979 2446 1012 2502 et
1035 2438 1172 2502 honeste
1199 2438 1256 2502 vix
1280 2457 1428 2526 possem,
1449 2434 1509 2504 etsi

343 2543 479 2624 vellem,
504 2544 630 2629 puritas
654 2543 801 2610 inscitiae
829 2543 1005 2609 tribuenda
1032 2551 1129 2609 esset.
1154 2545 1268 2628 ltaque
1292 2547 1468 2611 secundun
1490 2547 1510 2607 al

342 2651 537 2736 vigesimum
563 2672 686 2716 annum
714 2671 816 2737 agens
848 2651 981 2715 domum
1004 2650 1101 2715 redii:
1131 2651 1263 2715 domum
1293 2671 1376 2719 voco
1402 2650 1511 2718 Asinio

107 2802 113 2861 3
149 2766 152 2771 ’
255 2759 299 2823 20
343 2779 447 2824 nense
471 2759 550 2824 illud
574 2759 720 2836 exilium,
739 2759 792 2823 ubi
818 2759 859 2824 ab
883 2757 1040 2824 infantiae
1066 2778 1160 2824 meae
1183 2757 1249 2824 fine
1268 2759 1512 2826 fueramflabel

343 2863 432 2930 enim
448 2866 648 2932 consuetudo
664 2865 849 2950 proximam
868 2865 933 2929 vim
949 2871 1101 2931 naturae.
1117 2864 1163 2929 lbi
1180 2885 1263 2951 ergo
1275 2864 1344 2932 iam
1356 2867 1443 2934 nosci
1458 2882 1511 2951 ego,

277 3035 281 3048 ,
343 2979 376 3038 et
399 2972 605 3039 familiaritas
629 2994 703 3038 mea
720 2994 738 3038 a
755 2972 883 3058 magnis
902 2972 980 3037 viris
1002 2972 1113 3057 expeti
1129 2979 1302 3057 coeperat:
1328 2995 1390 3041 cur
1414 2982 1511 3061 auten

342 3079 473 3145 nescire
497 3101 585 3145 nunc
608 3100 660 3145 me
685 3079 792 3145 fateor
816 3087 849 3145 et
873 3078 1003 3155 mirari;
1020 3085 1100 3144 tuno
1123 3078 1275 3163 equidem
1293 3100 1360 3146 non
1377 3081 1512 3157 mirabar,

345 3187 450 3271 utqui
467 3186 555 3264 mihi,
571 3207 662 3252 more
679 3187 806 3263 aetatis
820 3185 908 3250 omni
920 3186 1048 3251 honore
1065 3185 1272 3271 dignissimus
1290 3188 1436 3255 viderer.
1447 3190 1514 3253 Anto

254 3292 298 3358 25
344 3293 425 3359 alios
441 3293 605 3378 expetitus
628 3293 675 3357 fui
698 3314 718 3358 a
742 3291 1024 3358 Columniensium
1047 3292 1140 3357 clara
1164 3298 1198 3357 et
1220 3313 1386 3378 generosa
1403 3292 1515 3368 familia,

343 3421 428 3485 quae
445 3408 523 3466 tunc
539 3402 723 3466 Romanam
747 3400 884 3466 Curiam
908 3400 1150 3484 frequentabat,
1175 3398 1283 3465 dicam
1310 3403 1439 3479 melius,
1461 3402 1516 3468 illu·

343 3508 483 3581 strabat:
509 3528 528 3572 a
556 3507 672 3591 quibus
697 3507 819 3572 accitus
844 3506 993 3584 etmihi,
1019 3505 1128 3571 nescio
1152 3526 1194 3570 an
1218 3514 1252 3571 et
1275 3528 1376 3587 nunc,
1402 3516 1436 3577 at
1456 3516 1517 3576 tunc

344 3618 435 3679 certe
459 3612 602 3679 indebito
629 3613 662 3677 in
691 3614 818 3678 honore
849 3613 977 3678 habitus
1009 3613 1050 3677 ab
1074 3612 1193 3680 illustri
1226 3621 1259 3680 et
1286 3609 1516 3703 incomparabil

344 3718 418 3784 viro
442 3720 564 3785 Jacobo
584 3719 623 3784 de
640 3719 800 3784 Columna
818 3718 1044 3784 Lomberiensi
1068 3725 1148 3784 tunc
1163 3719 1333 3805 Episcopo
1349 3723 1403 3787 eui
1426 3718 1518 3789 nescio

256 3829 299 3892 30
344 3847 386 3891 an
411 3847 526 3911 parem
550 3826 689 3891 viderim
713 3846 771 3891 seu
797 3825 929 3890 visurus
953 3825 1024 3902 sim,
1050 3825 1083 3889 in
1099 3826 1302 3892 Vasconiam
1325 3828 1452 3907 ductus
1473 3826 1518 3894 suh

344 3933 480 3999 collibus
504 3934 689 4018 Pyrenaeis
713 3938 872 3998 aestatem
893 3952 994 4018 prope
1018 3932 1206 4009 coelestem,
1230 3934 1336 4000 multa
1359 3942 1393 4002 et
1417 3930 1519 4003 domini

345 4047 378 4106 et
401 4040 555 4107 comitum
578 4041 780 4107 iucunditate
803 4040 969 4126 transegi,
995 4047 1031 4105 ut
1053 4060 1185 4124 semper
1208 4047 1339 4127 tempus
1366 4044 1521 4109 illudne

345 4149 504 4214 morando
527 4146 728 4234 suspiremffl.
753 4148 832 4213 Inde
857 4148 998 4224 rediens,
1016 4148 1076 4212 sub
1100 4148 1207 4213 fratre
1231 4147 1303 4214 eius
1326 4151 1472 4217 Iohanne
1491 4148 1521 4213 de

346 4256 505 4322 Columna
538 4255 706 4321 Cardinali
732 4255 852 4320 multos
880 4275 939 4339 per
967 4275 1069 4320 annos
1100 4275 1167 4320 non
1190 4255 1284 4340 quasi
1312 4258 1373 4323 sub
1397 4241 1537 4332 domino,¹

258 4362 324 4427 35·
346 4362 403 4427 sed
427 4363 487 4427 sub
511 4368 615 4446 patra,
633 4362 698 4426 imo
721 4382 763 4427 ne
787 4361 818 4425 id
842 4361 983 4445 quidem,
1000 4361 1057 4426 sed
1081 4361 1279 4428 cumfratre
1303 4365 1523 4438 amantissimo.

347 4469 411 4534 imo
429 4490 558 4534 mecum
574 4475 606 4533 et
622 4468 755 4554 propria
780 4489 854 4533 mea
879 4468 911 4532 in
936 4468 1033 4534 domo
1050 4468 1107 4533 fui.
1126 4470 1198 4544 Quo
1214 4475 1366 4555 tempore
1385 4469 1526 4539 iuvenilis
1545 4479 1546 4520 ὲ

346 4597 400 4644 me
416 4576 543 4664 impulit
568 4576 730 4664 appetitus
747 4581 832 4642 utet
848 4574 971 4643 Gallias
987 4582 1020 4642 et
1036 4574 1251 4643 Germaniam
1272 4574 1525 4668 peragraremfl:
