3284 5750
706 516 891 562 FRANCESCO
915 513 1086 560 PETRARCA

346 695 480 771 ltaliae;
505 694 597 759 nohis
621 693 746 758 animos
770 699 838 758 tam
862 691 947 758 iusta
970 691 1103 777 negabit

345 802 459 870 Ultiol
484 801 692 878 Quinetiam
717 801 815 888 (quod
842 799 893 865 vel
917 799 1106 864 meminisse
1131 800 1307 867 molestum
1331 801 1394 888 est)

343 909 474 975 Moenia
497 915 632 974 nostrae
656 907 748 973 urhis
772 907 998 992 Capitoliaque
1021 906 1088 973 alta
1112 907 1229 973 minaci

345 1017 535 1084 Comminus
558 1016 613 1080 ille
637 1016 784 1080 fremens
808 1013 865 1079 vix
890 1013 1014 1079 lumine
1037 1013 1159 1080 viderit
1183 1035 1271 1091 uno;

258 1125 322 1189 130
344 1125 411 1189 Nos
434 1142 547 1189 muros
572 1112 722 1208 spectare
745 1141 821 1187 suos
845 1141 930 1206 quae
954 1141 1054 1186 causa
1077 1121 1229 1204 vetabit?
1373 1112 1376 1116 ’
1472 1110 1476 1115 ’

246 1293 249 1297 ,
346 1230 419 1294 Non
442 1227 529 1294 mihi
545 1228 571 1293 si
595 1228 717 1313 campis
741 1227 854 1293 veniat
877 1228 968 1292 Mars
992 1217 1048 1292 ille
1071 1227 1266 1293 secundus⁹²

344 1338 535 1407 Poenorum
559 1341 708 1400 armatus
731 1334 913 1420 Stygiaque
937 1345 1096 1399 reversus
1119 1336 1161 1400 ab
1186 1335 1283 1414 unda,

346 1446 498 1521 Quatuor
522 1447 621 1527 atque
644 1448 757 1508 truces
780 1462 862 1526 quos
885 1441 975 1526 pavit
999 1441 1032 1506 in
1056 1462 1151 1508 arma
1176 1441 1320 1508 leones⁹³
1355 1506 1357 1509 ,

346 1550 487 1616 Alterno
511 1549 645 1635 cingant
668 1550 754 1615 latus
777 1547 904 1625 ordine,
929 1554 1064 1633 pectora
1087 1556 1205 1615 contra

259 1657 324 1723 135
346 1659 453 1722 Ferre
478 1655 712 1722 reformidem:
737 1655 784 1721 sic
807 1675 860 1720 me
884 1663 1040 1741 spectata,
1065 1656 1237 1734 Quirites*

346 1765 471 1850 Vestra
494 1769 606 1828 monet
629 1762 745 1829 virtus,
771 1764 814 1827 At
838 1776 925 1828 nunc
948 1769 1043 1847 pater
1067 1762 1198 1830 inclitus
1222 1764 1352 1830 umbris

348 1870 505 1937 Occubat'
519 1869 668 1951 infernis,
692 1875 913 1954 natorumque
937 1869 1042 1934 omnis
1066 1870 1107 1935 ad
1131 1892 1235 1936 unum
1418 1860 1421 1863 ’

347 1977 460 2043 Turba
484 1974 614 2041 redit⁹⁴:
640 1977 753 2042 Latius
776 1975 906 2062 iugulos
930 1976 1086 2043 sicensis
1110 1978 1143 2042 in
1168 1977 1240 2045 illos

347 2084 522 2149 Fulminat.
547 2085 611 2149 Isto
635 2091 746 2149 autem
769 2083 985 2168 per‘saecula
1008 2090 1100 2150 tanta
1123 2090 1293 2170 superstes
1417 2155 1420 2160 ,

260 2190 325 2255 140
348 2189 432 2266 Quid
456 2188 517 2254 nisi
541 2209 636 2254 serus
660 2188 762 2254 honos
786 2195 819 2254 et
842 2196 976 2254 nostrae
999 2189 1106 2275 gloria
1130 2190 1269 2258 dextrae
1293 2193 1372 2258 estl

348 2296 396 2362 Sit
419 2295 541 2362 vixisse
564 2296 617 2361 diu
641 2294 714 2360 finis
737 2294 798 2360 sibi
822 2295 951 2362 fructus
975 2295 1113 2362 honesti.
1290 2307 1292 2310 ’

348 2403 419 2468 Hac
441 2402 575 2468 tandem
597 2401 722 2467 feriere
745 2422 847 2466 manu
861 2422 876 2478 ;v
893 2400 970 2467 licet
993 2422 1112 2487 aspera
1136 2403 1237 2469 iactes

346 2509 479 2575 Proelia
505 2515 537 2574 et
561 2508 702 2574 adversa
726 2509 894 2574 Romanos
917 2507 1050 2594 cuspide
1073 2508 1178 2585 fixos;

347 2615 460 2682 Gloria
484 2615 591 2701 prima
614 2621 725 2680 tamen
748 2615 864 2681 mortis
887 2614 944 2681 tibi
968 2615 1119 2701 cognitus
1142 2624 1259 2683 auctor

260 2721 326 2787 145
348 2722 465 2807 Scipio,
490 2729 522 2788 et
545 2722 579 2787 in
601 2722 719 2787 tumuli
743 2722 955 2787 scribendum
979 2723 1041 2788 hoc
1064 2744 1234 2791 marmore
1258 2745 1392 2792 nomen.

274 2839 277 2846 ’
345 2829 441 2896 Nunc
464 2829 562 2917 agite,
588 2829 742 2916 egregios
766 2828 882 2895 animis
906 2836 1085 2916 properate
1107 2830 1293 2918 triumphos

346 2938 479 3006 Ultores
502 2936 649 3023 patriae;
673 2943 785 3021 tuque,
809 2957 829 3003 o
853 2937 953 3003 decor
977 2937 1087 3004 inclite
1111 2958 1231 3025 regum
1277 2946 1280 2951 “

344 3044 517 3111 Masinissa
539 3043 667 3130 ingens,
691 3063 799 3127 quemv
813 3062 876 3109 nec
899 3044 1032 3110 turbata
1056 3044 1195 3131 fatigent

345 3153 504 3237 AEquora,
529 3171 591 3217 nec
614 3156 681 3217 toto
705 3149 907 3216 descendens
931 3150 1077 3236 luppiter
1091 3152 1187 3235 igne,

257 3260 322 3325 150
345 3260 418 3325 Non
441 3259 534 3324 ferus
557 3258 678 3324 infesto
699 3277 905 3323 concurrens
928 3257 1064 3323 numine
1087 3259 1232 3335 Mavors,

345 3365 486 3442 Accede,
510 3372 544 3431 et
567 3364 688 3434 nostris
712 3364 859 3429 animum
882 3365 1090 3430 sermonibus
1114 3363 1207 3431 offer.

344 3474 465 3560 Magna
489 3473 545 3539 tibi
568 3473 631 3538 hoc
653 3471 740 3537 hello
765 3471 881 3548 virtus
907 3472 1096 3557 multusque
1120 3471 1259 3538 deorum

344 3580 403 3646 Est
426 3579 531 3662 favor,
556 3598 699 3665 agnosco
713 3599 834 3647 :nunc
858 3578 950 3643 urbis
970 3598 1111 3644 munera
1134 3586 1278 3654 nostrae,

344 3688 487 3752 Munera
511 3685 721 3771 promeritis
747 3686 854 3751 fateor
877 3684 934 3750 tihi
959 3705 1073 3770 parva,
1098 3686 1156 3751 sed
1178 3707 1293 3751 arram

256 3794 321 3859 155
344 3793 517 3867 Malorum,
543 3792 620 3857 mihi
645 3791 755 3867 crede,
781 3791 906 3856 damus
931 3791 1052 3857 Viden'
1070 3812 1147 3857 ecce
1171 3792 1374 3861 frementem

345 3899 576 3984 Cornipedem,
596 3897 725 3963 'laetum
748 3896 894 3982 phaleris
917 3917 1068 3982 auroque
1091 3900 1298 3984 superbum?

346 4006 457 4074 Nescit
481 4013 516 4072 ut
540 4025 612 4071 esse
636 4004 728 4070 loco!
752 4003 933 4089 Fulgentes
957 4004 1083 4089 respice
1107 4026 1249 4083 currus3

343 4114 465 4179 Cetera
488 4113 565 4197 quin
591 4112 690 4179 etiam
713 4132 799 4196 quae
824 4112 1045 4178 circumferre
1068 4112 1245 4198 triumphis

342 4220 496 4287 Romulei
520 4225 667 4285 statuere
691 4218 800 4283 duces.
827 4219 869 4284 Ut
891 4218 1013 4303 iaspide
1041 4219 1163 4285 crebra

145 4333 147 4338 ’
254 4327 319 4392 160
343 4328 448 4393 Texta
472 4345 595 4392 corona
620 4323 739 4390 micat!
766 4322 865 4390 rutilo
889 4323 978 4409 riget
1001 4323 1132 4411 integer
1156 4346 1240 4392 auro

102 4627 157 4672 s
244 4634 250 4644 .

343 4436 387 4501 Ut
410 4440 532 4515 crater,
556 4437 744 4518 quantoque
768 4452 903 4495 manum
926 4431 1040 4517 gravis
1063 4432 1209 4517 implicat
1233 4435 1338 4501 orbe!

342 4541 394 4607 En
417 4539 557 4618 habitus,
581 4558 677 4605 sacra
702 4557 766 4623 quo
790 4537 835 4602 nil
861 4539 1066 4624 conspectius
1089 4541 1174 4607 urbe
