3284 5750
1003 675 1114 804 ’ΚΧ
1430 704 1669 758 AFmoA
2748 690 2831 753 47

447 891 534 957 Et
580 895 841 957 nostros
889 889 1078 955 vario
1125 872 1411 954 cantabit
1455 893 1746 973 uterque
1793 886 2056 952 labores

442 996 740 1082 Eloquio,
788 995 1106 1082 nobisque
1155 996 1431 1061 brevem
1476 994 1850 1079 producere
1897 994 2100 1060 vitam

449 1104 859 1179 Contendet;
911 1122 1152 1168 verum
1196 1102 1403 1167 multo
1450 1100 1608 1165 mihi
1657 1100 1876 1166 carior
1924 1098 2036 1165 ille
2091 1106 2210 1177 est,

266 1212 403 1276 450
450 1210 576 1288 Qui
625 1209 855 1295 procul
904 1209 985 1275 ad
1032 1215 1335 1275 nostrum
1381 1206 1683 1274 reflectet
1729 1206 1976 1273 lumina
2020 1213 2298 1292 tempus

450 1320 525 1383 In
572 1318 741 1403 quod
789 1336 943 1383 eum
991 1315 1279 1382 studium
1323 1335 1457 1381 non
1502 1314 1602 1379 vis
1649 1313 2022 1400 pretiumve
2069 1313 2377 1396 movebit,

452 1425 599 1489 Non
645 1428 859 1488 metus
906 1428 1021 1488 aut
1066 1422 1308 1503 odium,
1357 1441 1488 1487 non
1536 1441 1684 1506 spes
1732 1426 1847 1486 aut
1893 1420 2107 1506 gratia
2158 1419 2410 1497 nostri3

451 1529 847 1615 Magnarum
894 1528 1009 1595 sed
1056 1528 1195 1594 sola
1242 1527 1505 1613 quidem
1553 1526 1900 1593 admiratio
1957 1546 2237 1618 rerum„

453 1634 643 1701 Solus
689 1654 878 1701 amor
924 1634 1091 1701 veri.
1142 1634 1271 1701 Sed
1316 1633 1470 1720 quid
1516 1640 1740 1700 tamen
1789 1632 2006 1699 omnia
2053 1631 2388 1718 prosunt?

617 1765 754 1807 »sua
802 1761 981 1809 mors
1028 1739 1212 1806 libris
1259 1741 1421 1806 adel
1425 1740 1493 1822 1t
1543 1740 1847 1806 mortalia
1892 1760 2178 1825 namque

546 1905 570 1919 .
710 1857 850 1913 anat
897 1866 1352 1934 quaecumque
1400 1849 1587 1913 labor
1634 1848 1930 1914 mortalis
1977 1845 2151 1913 inani

499 1931 670 2022 fflnut
714 1952 1054 2042 ingonioffl.

417 2097 770 2154 hunchiude
806 2096 1322 2154 raccomandando
1360 2096 1419 2152 al
1442 2096 1623 2166 'figlio
1663 2096 1916 2153 l'amore
1951 2112 2063 2169 per
2100 2097 2158 2152 la
2194 2096 2411 2167 patria,
2437 2096 2537 2167 pei
2575 2097 2836 2166 parenti,

270 2190 389 2250 ,fut-
429 2178 513 2246 gli
554 2178 734 2234 amici
774 2194 806 2230 e
846 2175 1273 2247 specialmente
1309 2190 1420 2247 per
1458 2176 1619 2231 Lelio
1659 2184 1742 2246 (v.
1766 2178 2045 2247 466-530).
2077 2178 2123 2231 ΙΙ
2163 2178 2422 2245 giovane
2461 2176 2767 2245 ringrazia
2792 2176 2840 2232 il

180 2290 184 2297 ›
272 2258 465 2329 padre
502 2258 602 2327 pei
630 2258 766 2314 suoi
794 2256 981 2314 buoni
1019 2256 1299 2325 consign,
1327 2255 1401 2311 ed
1427 2256 1617 2312 infine
1656 2257 1700 2311 il
1735 2257 1922 2330 padre
1961 2257 2044 2327 gli
2072 2257 2468 2312 raccomanda
2505 2257 2565 2313 di
2594 2271 2839 2327 soppor-

274 2344 408 2394 tare
447 2352 561 2394 con
587 2337 951 2405 indulgente
976 2334 1214 2406 dignita
1239 2336 1734 2405 l’ingratitudine
1755 2338 1911 2395 della
1933 2338 2130 2409 patria
2155 2338 2238 2406 (v,
2260 2338 2541 2407 531-557).

455 2489 771 2558 Maestior
818 2489 929 2557 ille
976 2490 1319 2575 equidem:
1372 2512 1406 2552 ‹
1457 2490 1595 2555 Tua
1645 2495 1733 2571 te,
1783 2488 2174 2571 dulcissime,
2224 2488 2438 2554 virtus

458 2605 716 2683 Aspera
762 2603 1001 2664 cuncta
1046 2596 1177 2683 pati
1224 2596 1495 2664 doceat:
1545 2596 1700 2682 quid
1748 2597 1879 2663 fata
1928 2602 2281 2663 reservent

458 2705 702 2772 Ultima
746 2704 1095 2791 praeclaro
1142 2703 1328 2771 malis
1375 2703 1635 2771 nescire
1686 2704 1915 2770 labori.

456 2813 793 2900 Ingratam
840 2811 1125 2899 patriam
1168 2810 1371 2900 (piget
1417 2811 1548 2878 heu
1594 2831 1885 2878 narrare
1932 2812 2328 2901 pudetquel)

271 2923 417 2988 540
465 2919 894 3006 Experiare⁴¹
940 2919 1113 3002 licet,
1161 2919 1337 2986 facili
1385 2922 1732 2986 cententus
1777 2920 1952 2986 abito

460 3025 810 3093 Vindicta:
860 3046 990 3092 non
1037 3046 1226 3092 arma
1271 3026 1406 3109 tihi,
1456 3045 1588 3091 non
1635 3033 1853 3093 castra
1902 3027 2248 3109 movenda,

460 3133 597 3205 Etsi
646 3134 821 3200 forte
866 3153 1087 3219 queas,
1136 3135 1443 3200 Praestat
1488 3154 1973 3219 quamcumque
2007 3136 2232 3201 subire

458 3241 866 3316 Fortunam;
915 3240 1198 3326 patriam
1243 3246 1578 3306 servatam
1625 3241 1910 3326 perdere
1965 3241 2098 3307 noli

456 3348 541 3414 Et
587 3346 899 3414 meritum
946 3352 1211 3413 vastare
1255 3353 1463 3413 tuum.
1512 3348 1728 3432 Fugat
1773 3346 1938 3413 illa?
1988 3349 2247 3415 recede.

274 3454 413 3520 545
460 3454 605 3519 Non
654 3453 979 3519 revocat?
1030 3459 1283 3538 persta:
1335 3452 1447 3518 sed
1497 3452 2066 3538 praeclarissimus
2115 3454 2303 3521 exsul

457 3559 733 3626 Viventi
780 3559 1036 3625 illatum
1082 3558 1374 3625 moriens
1422 3556 1748 3626 ulciscere
1796 3561 2006 3626 verbo

459 3666 778 3748 DedecuS,
811 3672 892 3733 -et
942 3665 1196 3752 patriae
1244 3666 1505 3732 cineres
1559 3673 1756 3751 atque
1803 3687 1950 3733 ossa
1999 3674 2261 3754 negat0‚

459 3775 930 3859 Ingratamque
977 3782 1143 3840 voca
1188 3773 1601 3859 memorique
1649 3773 1936 3840 inscribe
1982 3774 2290 3860 sepulcro
2305 3773 2370 3841 ⁴².

458 3881 601 3947 Hoc
646 3880 843 3947 liceat
886 3886 1187 3957 tantum:
1236 3879 1351 3947 tibi
1398 3880 1489 3945 nil
1536 3880 1920 3966 permiseris
1968 3881 2165 3947 ultra.

276 3988 418 4055 550
463 3989 735 4072 Iamque
780 3993 973 4053 vetor·
1018 3986 1305 4052 traxisse
1353 3999 1592 4052 moras
1641 3987 1902 4052 Memor
1949 4006 2114 4074 ergo
2161 3988 2456 4073 parentis

461 4094 647 4176 Nate,
696 4092 865 4170 vale,
913 4099 980 4160 et
1026 4092 1198 4158 mitis
1245 4100 1633 4179 surgentem
1680 4092 1893 4179 dirige
1939 4093 2258 4172 fratrem3

462 4202 657 4285 Isque
703 4199 877 4266 viam
927 4206 1071 4286 post
1113 4206 1180 4266 te
1225 4206 1340 4267 tua
1387 4220 1507 4286 per
1556 4199 1836 4286 vestigia
1885 4207 2112 4267 servet
2157 4227 2220 4266 ».

461 4307 659 4390 Dixit,
710 4314 776 4374 et
822 4307 1133 4393 aequavit
1180 4307 1502 4392 fugientia
1550 4307 1770 4373 sidera
1821 4327 2046 4373 cursu.

465 4416 733 4481 Interea⁴
775 4414 893 4480 lux
939 4421 1090 4480 orta
1134 4434 1335 4500 super
1382 4413 1672 4481 tentoria
1728 4414 1912 4480 fulsit

279 4522 415 4588 555
462 4520 841 4608 Irrupitque
885 4519 1069 4587 ducis
1115 4520 1359 4587 durum
1407 4520 1775 4588 rubicunda
1824 4522 2081 4589 cubile:

461 4627 755 4694 Buccina
800 4634 1177 4695 castrorum
1223 4627 1479 4709 cecinit,
1528 4627 1879 4714 sonituque
1923 4629 2272 4696 tremendo

463 4733 833 4802 Attonitum
877 4735 1092 4802 subito
1137 4754 1536 4821 somnusque
1581 4741 1904 4822 paterque
1952 4735 2235 4822 reliquit.
